<?xml version="1.0" encoding="UTF-8"?>
<!DOCTYPE html PUBLIC "-//W3C//DTD XHTML 1.0 Transitional//EN"
    "http://www.w3.org/TR/xhtml1/DTD/xhtml1-transitional.dtd">
<html xmlns="http://www.w3.org/1999/xhtml" xml:lang="en" lang="en">
 <head>
  <title>
</title>
<meta http-equiv="Content-Type" content="text/html;charset=utf-8" />
  <meta name='ocr-system' content='tesseract 3.04.00' />
  <meta name='ocr-capabilities' content='ocr_page ocr_carea ocr_par ocr_line ocrx_word'/>
</head>
<body>
  <div class='ocr_page' id='page_1' title='image "./rogeridewendove05rogegoog_0178.png"; bbox 0 0 3000 5004; ppageno 0'>
   <div class='ocr_carea' id='block_1_1' title="bbox 462 416 1156 481">
    <p class='ocr_par' dir='ltr' id='par_1_1' title="bbox 462 416 1156 481">
     <span class='ocr_line' id='line_1_1' title="bbox 462 416 1156 481; baseline 0 -1"><span class='ocrx_word' id='word_1_1' title='bbox 462 433 602 480; x_wconf 81' lang='lat' dir='ltr'>rcouss</span> <span class='ocrx_word' id='word_1_2' title='bbox 626 434 897 481; x_wconf 74' lang='lat' dir='ltr'>ursromunuu.</span> <span class='ocrx_word' id='word_1_3' title='bbox 1091 416 1156 480; x_wconf 82' lang='lat'>133</span> 
     </span>
    </p>
   </div>
   <div class='ocr_carea' id='block_1_2' title="bbox 201 588 1162 3656">
    <p class='ocr_par' dir='ltr' id='par_1_2' title="bbox 201 588 1156 2164">
     <span class='ocr_line' id='line_1_2' title="bbox 202 588 1153 672; baseline 0 -22"><span class='ocrx_word' id='word_1_4' title='bbox 202 594 289 666; x_wconf 84' lang='lat' dir='ltr'>erat,</span> <span class='ocrx_word' id='word_1_5' title='bbox 307 595 347 651; x_wconf 93' lang='lat' dir='ltr'>ut</span> <span class='ocrx_word' id='word_1_6' title='bbox 363 608 426 652; x_wconf 90' lang='lat' dir='ltr'>nec</span> <span class='ocrx_word' id='word_1_7' title='bbox 450 590 551 653; x_wconf 80' lang='lat' dir='ltr'>sexui</span> <span class='ocrx_word' id='word_1_8' title='bbox 567 589 705 672; x_wconf 91' lang='lat' dir='ltr'>quidem</span> <span class='ocrx_word' id='word_1_9' title='bbox 731 589 888 653; x_wconf 89' lang='lat' dir='ltr'><strong>muliebri</strong></span> <span class='ocrx_word' id='word_1_10' title='bbox 912 594 973 651; x_wconf 88' lang='lat' dir='ltr'>aut</span> <span class='ocrx_word' id='word_1_11' title='bbox 995 588 1153 651; x_wconf 86' lang='lat' dir='ltr'>innocuae</span> 
     </span>
     <span class='ocr_line' id='line_1_3' title="bbox 201 688 1152 771; baseline -0.001 -21"><span class='ocrx_word' id='word_1_12' title='bbox 201 688 425 769; x_wconf 88' lang='lat' dir='ltr'>parvulorum</span> <span class='ocrx_word' id='word_1_13' title='bbox 449 697 607 771; x_wconf 83' lang='lat' dir='ltr'>parceret</span> <span class='ocrx_word' id='word_1_14' title='bbox 625 690 733 765; x_wconf 89' lang='lat' dir='ltr'>aetati,</span> <span class='ocrx_word' id='word_1_15' title='bbox 752 690 835 771; x_wconf 90' lang='lat' dir='ltr'>quin</span> <span class='ocrx_word' id='word_1_16' title='bbox 860 688 1041 751; x_wconf 86' lang='lat' dir='ltr'>universos</span> <span class='ocrx_word' id='word_1_17' title='bbox 1057 695 1152 750; x_wconf 89' lang='lat' dir='ltr'>atro·</span> 
     </span>
     <span class='ocr_line' id='line_1_4' title="bbox 202 787 1151 870; baseline -0.001 -21"><span class='ocrx_word' id='word_1_18' title='bbox 202 787 308 850; x_wconf 90' lang='lat' dir='ltr'>citate</span> <span class='ocrx_word' id='word_1_19' title='bbox 341 787 451 851; x_wconf 87' lang='lat' dir='ltr'>serina</span> <span class='ocrx_word' id='word_1_20' title='bbox 484 789 587 852; x_wconf 92' lang='lat' dir='ltr'>morti</span> <span class='ocrx_word' id='word_1_21' title='bbox 617 788 835 852; x_wconf 81' lang='lat' dir='ltr'>contraderet</span> <span class='ocrx_word' id='word_1_22' title='bbox 865 808 927 870; x_wconf 90' lang='lat' dir='ltr'>per</span> <span class='ocrx_word' id='word_1_23' title='bbox 958 794 1151 866; x_wconf 89' lang='lat' dir='ltr'>tormenta;</span> 
     </span>
     <span class='ocr_line' id='line_1_5' title="bbox 202 885 1150 969; baseline 0.002 -21"><span class='ocrx_word' id='word_1_24' title='bbox 202 905 283 948; x_wconf 88' lang='lat' dir='ltr'>nam</span> <span class='ocrx_word' id='word_1_25' title='bbox 311 887 421 951; x_wconf 90' lang='lat' dir='ltr'>multo</span> <span class='ocrx_word' id='word_1_26' title='bbox 450 896 605 969; x_wconf 89' lang='lat' dir='ltr'>tempore</span> <span class='ocrx_word' id='word_1_27' title='bbox 646 907 765 952; x_wconf 88' lang='lat' dir='ltr'>eorum</span> <span class='ocrx_word' id='word_1_28' title='bbox 797 887 994 969; x_wconf 87' lang='lat' dir='ltr'>provincias</span> <span class='ocrx_word' id='word_1_29' title='bbox 1026 885 1150 950; x_wconf 90' lang='lat' dir='ltr'>debac-</span> 
     </span>
     <span class='ocr_line' id='line_1_6' title="bbox 202 985 1151 1069; baseline 0 -21"><span class='ocrx_word' id='word_1_30' title='bbox 202 986 337 1050; x_wconf 86' lang='lat' dir='ltr'>chando</span> <span class='ocrx_word' id='word_1_31' title='bbox 359 994 584 1069; x_wconf 79' lang='lat' dir='ltr'>pervagatus,</span> <span class='ocrx_word' id='word_1_32' title='bbox 601 1006 701 1049; x_wconf 90' lang='lat' dir='ltr'>omne</span> <span class='ocrx_word' id='word_1_33' title='bbox 723 1006 832 1068; x_wconf 80' lang='lat' dir='ltr'>genus</span> <span class='ocrx_word' id='word_1_34' title='bbox 855 985 1047 1068; x_wconf 87' lang='lat' dir='ltr'>Anglornm</span> <span class='ocrx_word' id='word_1_35' title='bbox 1071 986 1151 1048; x_wconf 89' lang='lat' dir='ltr'>Bri·</span> 
     </span>
     <span class='ocr_line' id='line_1_7' title="bbox 201 1084 1149 1168; baseline -0.002 -20"><span class='ocrx_word' id='word_1_36' title='bbox 201 1085 331 1149; x_wconf 85' lang='lat' dir='ltr'>tanniae</span> <span class='ocrx_word' id='word_1_37' title='bbox 362 1085 494 1149; x_wconf 81' lang='lat' dir='ltr'>finibus</span> <span class='ocrx_word' id='word_1_38' title='bbox 518 1087 729 1168; x_wconf 87' lang='lat' dir='ltr'>proscribere</span> <span class='ocrx_word' id='word_1_39' title='bbox 760 1087 953 1149; x_wconf 82' lang='lat' dir='ltr'>laborabat.</span> <span class='ocrx_word' id='word_1_40' title='bbox 1007 1084 1149 1148; x_wconf 88' lang='lat' dir='ltr'>Pertur-</span> 
     </span>
     <span class='ocr_line' id='line_1_8' title="bbox 203 1183 1150 1267; baseline -0.002 -19"><span class='ocrx_word' id='word_1_41' title='bbox 203 1183 294 1248; x_wconf 90' lang='lat' dir='ltr'>batis</span> <span class='ocrx_word' id='word_1_42' title='bbox 319 1185 428 1267; x_wconf 83' lang='lat' dir='ltr'>igitur</span> <span class='ocrx_word' id='word_1_43' title='bbox 454 1184 838 1249; x_wconf 87' lang='lat' dir='ltr'>Nortbanhumbrorum</span> <span class='ocrx_word' id='word_1_44' title='bbox 867 1183 1033 1261; x_wconf 89' lang='lat' dir='ltr'>ecclesiis,</span> <span class='ocrx_word' id='word_1_45' title='bbox 1055 1183 1150 1247; x_wconf 93' lang='lat' dir='ltr'>Pau-</span> 
     </span>
     <span class='ocr_line' id='line_1_9' title="bbox 202 1283 1151 1368; baseline -0.001 -22"><span class='ocrx_word' id='word_1_46' title='bbox 202 1283 294 1348; x_wconf 88' lang='lat' dir='ltr'><strong>linus</strong></span> <span class='ocrx_word' id='word_1_47' title='bbox 334 1284 624 1368; x_wconf 78' lang='lat' dir='ltr'>archiepiscopus,</span> <span class='ocrx_word' id='word_1_48' title='bbox 662 1292 841 1366; x_wconf 87' lang='lat' dir='ltr'>assnmpta</span> <span class='ocrx_word' id='word_1_49' title='bbox 882 1302 998 1346; x_wconf 91' lang='lat' dir='ltr'>secum</span> <span class='ocrx_word' id='word_1_50' title='bbox 1030 1283 1151 1364; x_wconf 80' lang='lat' dir='ltr'>regina</span> 
     </span>
     <span class='ocr_line' id='line_1_10' title="bbox 204 1377 1151 1467; baseline -0.002 -20"><span class='ocrx_word' id='word_1_51' title='bbox 204 1377 451 1465; x_wconf 80' lang='lat' dir='ltr'>¹Atbclbnrga,</span> <span class='ocrx_word' id='word_1_52' title='bbox 467 1386 609 1467; x_wconf 84' lang='lat' dir='ltr'>navigio</span> <span class='ocrx_word' id='word_1_53' title='bbox 631 1384 733 1448; x_wconf 89' lang='lat' dir='ltr'>rediit</span> <span class='ocrx_word' id='word_1_54' title='bbox 752 1383 788 1446; x_wconf 89' lang='lat' dir='ltr'>in</span> <span class='ocrx_word' id='word_1_55' title='bbox 805 1382 966 1447; x_wconf 80' lang='lat' dir='ltr'>cantiam</span> <span class='ocrx_word' id='word_1_56' title='bbox 984 1390 1090 1464; x_wconf 87' lang='lat' dir='ltr'>atque</span> <span class='ocrx_word' id='word_1_57' title='bbox 1108 1383 1151 1445; x_wconf 87' lang='lat' dir='ltr'>ab</span> 
     </span>
     <span class='ocr_line' id='line_1_11' title="bbox 205 1475 1151 1568; baseline -0.002 -22"><span class='ocrx_word' id='word_1_58' title='bbox 205 1483 365 1547; x_wconf 85' lang='lat' dir='ltr'>Honorio</span> <span class='ocrx_word' id='word_1_59' title='bbox 387 1484 645 1568; x_wconf 86' lang='lat' dir='ltr'>archiepiscopo</span> <span class='ocrx_word' id='word_1_60' title='bbox 663 1490 698 1547; x_wconf 88' lang='lat' dir='ltr'>et</span> <span class='ocrx_word' id='word_1_61' title='bbox 721 1502 802 1565; x_wconf 88' lang='lat' dir='ltr'>rege</span> <span class='ocrx_word' id='word_1_62' title='bbox 816 1482 995 1545; x_wconf 85' lang='lat' dir='ltr'>Eadbaldo</span> <span class='ocrx_word' id='word_1_63' title='bbox 1009 1475 1151 1545; x_wconf 84' lang='lat' dir='ltr'>²decen·</span> 
     </span>
     <span class='ocr_line' id='line_1_12' title="bbox 202 1580 1152 1666; baseline -0.002 -21"><span class='ocrx_word' id='word_1_64' title='bbox 202 1589 257 1645; x_wconf 87' lang='lat' dir='ltr'>ter</span> <span class='ocrx_word' id='word_1_65' title='bbox 270 1590 452 1666; x_wconf 90' lang='lat' dir='ltr'>susceptus</span> <span class='ocrx_word' id='word_1_66' title='bbox 466 1592 531 1648; x_wconf 88' lang='lat' dir='ltr'>est.</span> <span class='ocrx_word' id='word_1_67' title='bbox 585 1584 721 1647; x_wconf 88' lang='lat' dir='ltr'>Habuit</span> <span class='ocrx_word' id='word_1_68' title='bbox 736 1590 852 1647; x_wconf 88' lang='lat' dir='ltr'>autem</span> <span class='ocrx_word' id='word_1_69' title='bbox 870 1601 987 1645; x_wconf 85' lang='lat' dir='ltr'>secum</span> <span class='ocrx_word' id='word_1_70' title='bbox 997 1580 1152 1645; x_wconf 85' lang='lat' dir='ltr'>Uffream</span> 
     </span>
     <span class='ocr_line' id='line_1_13' title="bbox 203 1674 1152 1759; baseline -0.002 -15"><span class='ocrx_word' id='word_1_71' title='bbox 203 1681 311 1744; x_wconf 87' lang='lat' dir='ltr'>filium</span> <span class='ocrx_word' id='word_1_72' title='bbox 343 1692 379 1747; x_wconf 90' lang='lat' dir='ltr'>et</span> <span class='ocrx_word' id='word_1_73' title='bbox 416 1683 617 1746; x_wconf 88' lang='lat' dir='ltr'>Eantledam</span> <span class='ocrx_word' id='word_1_74' title='bbox 651 1682 758 1746; x_wconf 90' lang='lat' dir='ltr'>filiam</span> <span class='ocrx_word' id='word_1_75' title='bbox 797 1681 966 1759; x_wconf 86' lang='lat' dir='ltr'>Eadwini,</span> <span class='ocrx_word' id='word_1_76' title='bbox 999 1688 1035 1745; x_wconf 89' lang='lat' dir='ltr'>et</span> <span class='ocrx_word' id='word_1_77' title='bbox 1063 1674 1152 1744; x_wconf 83' lang='lat' dir='ltr'>⁸Yffi</span> 
     </span>
     <span class='ocr_line' id='line_1_14' title="bbox 204 1780 1154 1866; baseline 0 -23"><span class='ocrx_word' id='word_1_78' title='bbox 204 1780 312 1844; x_wconf 87' lang='lat' dir='ltr'>filium</span> <span class='ocrx_word' id='word_1_79' title='bbox 341 1782 465 1846; x_wconf 88' lang='lat' dir='ltr'>Osredi</span> <span class='ocrx_word' id='word_1_80' title='bbox 487 1783 548 1847; x_wconf 88' lang='lat' dir='ltr'>lilii</span> <span class='ocrx_word' id='word_1_81' title='bbox 579 1782 668 1866; x_wconf 89' lang='lat' dir='ltr'>ejus,</span> <span class='ocrx_word' id='word_1_82' title='bbox 701 1801 741 1846; x_wconf 92' lang='lat' dir='ltr'>ac</span> <span class='ocrx_word' id='word_1_83' title='bbox 768 1800 855 1845; x_wconf 87' lang='lat' dir='ltr'>vasa</span> <span class='ocrx_word' id='word_1_84' title='bbox 881 1782 1034 1864; x_wconf 91' lang='lat' dir='ltr'>pretiosa</span> <span class='ocrx_word' id='word_1_85' title='bbox 1062 1782 1154 1861; x_wconf 84' lang='lat' dir='ltr'>regis</span> 
     </span>
     <span class='ocr_line' id='line_1_15' title="bbox 203 1880 1155 1964; baseline 0 -21"><span class='ocrx_word' id='word_1_86' title='bbox 203 1881 365 1963; x_wconf 90' lang='lat' dir='ltr'>plurima,</span> <span class='ocrx_word' id='word_1_87' title='bbox 386 1901 523 1947; x_wconf 88' lang='lat' dir='ltr'>crucem</span> <span class='ocrx_word' id='word_1_88' title='bbox 544 1901 706 1964; x_wconf 84' lang='lat' dir='ltr'>magnam</span> <span class='ocrx_word' id='word_1_89' title='bbox 723 1900 865 1945; x_wconf 87' lang='lat' dir='ltr'>auream</span> <span class='ocrx_word' id='word_1_90' title='bbox 880 1888 985 1962; x_wconf 89' lang='lat' dir='ltr'>atque</span> <span class='ocrx_word' id='word_1_91' title='bbox 1012 1880 1155 1943; x_wconf 88' lang='lat' dir='ltr'>calicem</span> 
     </span>
     <span class='ocr_line' id='line_1_16' title="bbox 204 1980 1156 2063; baseline -0.001 -20"><span class='ocrx_word' id='word_1_92' title='bbox 204 1999 359 2058; x_wconf 87' lang='lat' dir='ltr'>aureum,</span> <span class='ocrx_word' id='word_1_93' title='bbox 375 2001 454 2063; x_wconf 87' lang='lat' dir='ltr'>quae</span> <span class='ocrx_word' id='word_1_94' title='bbox 468 1982 584 2045; x_wconf 89' lang='lat' dir='ltr'>omnia</span> <span class='ocrx_word' id='word_1_95' title='bbox 598 1982 634 2045; x_wconf 90' lang='lat' dir='ltr'>in</span> <span class='ocrx_word' id='word_1_96' title='bbox 649 1980 795 2046; x_wconf 89' lang='lat' dir='ltr'>ecclesia</span> <span class='ocrx_word' id='word_1_97' title='bbox 810 1980 1068 2044; x_wconf 89' lang='lat' dir='ltr'>Dorobernensi</span> <span class='ocrx_word' id='word_1_98' title='bbox 1085 1999 1156 2042; x_wconf 89' lang='lat' dir='ltr'>ser·</span> 
     </span>
     <span class='ocr_line' id='line_1_17' title="bbox 205 2080 973 2164; baseline -0.001 -22"><span class='ocrx_word' id='word_1_99' title='bbox 205 2086 289 2143; x_wconf 86' lang='lat' dir='ltr'>vata</span> <span class='ocrx_word' id='word_1_100' title='bbox 304 2081 414 2144; x_wconf 91' lang='lat' dir='ltr'>multo</span> <span class='ocrx_word' id='word_1_101' title='bbox 430 2089 510 2164; x_wconf 89' lang='lat' dir='ltr'>post</span> <span class='ocrx_word' id='word_1_102' title='bbox 524 2088 679 2164; x_wconf 88' lang='lat' dir='ltr'>tempore</span> <span class='ocrx_word' id='word_1_103' title='bbox 694 2080 973 2144; x_wconf 87' lang='lat' dir='ltr'>ostendebantur.</span> 
     </span>
    </p>

    <p class='ocr_par' dir='ltr' id='par_1_3' title="bbox 202 2177 1162 3656">
     <span class='ocr_line' id='line_1_18' title="bbox 257 2177 1154 2263; baseline 0 -21"><span class='ocrx_word' id='word_1_104' title='bbox 257 2177 338 2257; x_wconf 87' lang='lat' dir='ltr'>Quo</span> <span class='ocrx_word' id='word_1_105' title='bbox 353 2188 506 2263; x_wconf 85' lang='lat' dir='ltr'>tempore</span> <span class='ocrx_word' id='word_1_106' title='bbox 523 2179 697 2244; x_wconf 84' lang='lat' dir='ltr'>Roffensis</span> <span class='ocrx_word' id='word_1_107' title='bbox 721 2180 868 2243; x_wconf 87' lang='lat' dir='ltr'>ecclesia</span> <span class='ocrx_word' id='word_1_108' title='bbox 887 2187 1061 2261; x_wconf 88' lang='lat' dir='ltr'>pastorem</span> <span class='ocrx_word' id='word_1_109' title='bbox 1085 2198 1154 2242; x_wconf 92' lang='lat' dir='ltr'>non</span> 
     </span>
     <span class='ocr_line' id='line_1_19' title="bbox 207 2272 1156 2360; baseline 0.001 -19"><span class='ocrx_word' id='word_1_110' title='bbox 207 2277 350 2357; x_wconf 84' lang='lat' dir='ltr'>babens,</span> <span class='ocrx_word' id='word_1_111' title='bbox 374 2299 493 2344; x_wconf 88' lang='lat' dir='ltr'>curam</span> <span class='ocrx_word' id='word_1_112' title='bbox 522 2280 615 2344; x_wconf 91' lang='lat' dir='ltr'>illius</span> <span class='ocrx_word' id='word_1_113' title='bbox 635 2280 707 2360; x_wconf 83' lang='lat' dir='ltr'>egit</span> <span class='ocrx_word' id='word_1_114' title='bbox 724 2272 924 2355; x_wconf 83' lang='lat' dir='ltr'>⁴Paulinus,</span> <span class='ocrx_word' id='word_1_115' title='bbox 949 2278 1156 2343; x_wconf 85' lang='lat' dir='ltr'>invitatione</span> 
     </span>
     <span class='ocr_line' id='line_1_20' title="bbox 207 2378 1156 2460; baseline 0.001 -20"><span class='ocrx_word' id='word_1_116' title='bbox 207 2379 374 2442; x_wconf 88' lang='lat' dir='ltr'>antistitis</span> <span class='ocrx_word' id='word_1_117' title='bbox 391 2379 539 2444; x_wconf 91' lang='lat' dir='ltr'>Honorii</span> <span class='ocrx_word' id='word_1_118' title='bbox 558 2388 593 2443; x_wconf 89' lang='lat' dir='ltr'>et</span> <span class='ocrx_word' id='word_1_119' title='bbox 611 2379 703 2460; x_wconf 83' lang='lat' dir='ltr'>regis</span> <span class='ocrx_word' id='word_1_120' title='bbox 714 2378 897 2456; x_wconf 85' lang='lat' dir='ltr'>Eadbaldi,</span> <span class='ocrx_word' id='word_1_121' title='bbox 914 2397 954 2441; x_wconf 89' lang='lat' dir='ltr'>ac</span> <span class='ocrx_word' id='word_1_122' title='bbox 972 2379 1084 2443; x_wconf 86' lang='lat' dir='ltr'>tonuit</span> <span class='ocrx_word' id='word_1_123' title='bbox 1099 2398 1156 2441; x_wconf 92' lang='lat' dir='ltr'>us·</span> 
     </span>
     <span class='ocr_line' id='line_1_21' title="bbox 207 2477 1159 2562; baseline 0 -21"><span class='ocrx_word' id='word_1_124' title='bbox 207 2497 274 2560; x_wconf 89' lang='lat' dir='ltr'>qne</span> <span class='ocrx_word' id='word_1_125' title='bbox 291 2477 373 2541; x_wconf 93' lang='lat' dir='ltr'>dnm</span> <span class='ocrx_word' id='word_1_126' title='bbox 397 2480 471 2562; x_wconf 91' lang='lat' dir='ltr'>ipse</span> <span class='ocrx_word' id='word_1_127' title='bbox 498 2478 541 2542; x_wconf 92' lang='lat' dir='ltr'>ad</span> <span class='ocrx_word' id='word_1_128' title='bbox 559 2479 714 2542; x_wconf 86' lang='lat' dir='ltr'>caelestia</span> <span class='ocrx_word' id='word_1_129' title='bbox 731 2497 840 2562; x_wconf 83' lang='lat' dir='ltr'>regna</span> <span class='ocrx_word' id='word_1_130' title='bbox 856 2478 1075 2557; x_wconf 83' lang='lat' dir='ltr'>conscendit3</span> <span class='ocrx_word' id='word_1_131' title='bbox 1100 2479 1159 2541; x_wconf 92' lang='lat' dir='ltr'>ubi</span> 
     </span>
     <span class='ocr_line' id='line_1_22' title="bbox 208 2578 1159 2661; baseline 0.002 -21"><span class='ocrx_word' id='word_1_132' title='bbox 208 2578 313 2641; x_wconf 87' lang='lat' dir='ltr'>etiam</span> <span class='ocrx_word' id='word_1_133' title='bbox 335 2579 483 2642; x_wconf 89' lang='lat' dir='ltr'>moriens</span> <span class='ocrx_word' id='word_1_134' title='bbox 500 2579 654 2661; x_wconf 90' lang='lat' dir='ltr'>pallium,</span> <span class='ocrx_word' id='word_1_135' title='bbox 672 2579 765 2660; x_wconf 91' lang='lat' dir='ltr'>quod</span> <span class='ocrx_word' id='word_1_136' title='bbox 782 2597 804 2642; x_wconf 89' lang='lat' dir='ltr'>a</span> <span class='ocrx_word' id='word_1_137' title='bbox 819 2578 980 2642; x_wconf 90' lang='lat' dir='ltr'>Romano</span> <span class='ocrx_word' id='word_1_138' title='bbox 997 2578 1159 2661; x_wconf 87' lang='lat' dir='ltr'>pontifico</span> 
     </span>
     <span class='ocr_line' id='line_1_23' title="bbox 207 2677 1159 2760; baseline 0.001 -21"><span class='ocrx_word' id='word_1_139' title='bbox 207 2685 420 2760; x_wconf 88' lang='lat' dir='ltr'>susceperat,</span> <span class='ocrx_word' id='word_1_140' title='bbox 438 2677 585 2759; x_wconf 90' lang='lat' dir='ltr'>reliquit.</span> <span class='ocrx_word' id='word_1_141' title='bbox 638 2678 813 2743; x_wconf 86' lang='lat' dir='ltr'>Defuncto</span> <span class='ocrx_word' id='word_1_142' title='bbox 838 2679 956 2760; x_wconf 84' lang='lat' dir='ltr'>itaquo</span> <span class='ocrx_word' id='word_1_143' title='bbox 978 2677 1159 2754; x_wconf 88' lang='lat' dir='ltr'>Eadwino,</span> 
     </span>
     <span class='ocr_line' id='line_1_24' title="bbox 209 2772 1160 2859; baseline 0.001 -20"><span class='ocrx_word' id='word_1_144' title='bbox 209 2777 376 2841; x_wconf 87' lang='lat' dir='ltr'>successit</span> <span class='ocrx_word' id='word_1_145' title='bbox 393 2779 425 2841; x_wconf 90' lang='lat' dir='ltr'>ei</span> <span class='ocrx_word' id='word_1_146' title='bbox 437 2779 474 2841; x_wconf 89' lang='lat' dir='ltr'>in</span> <span class='ocrx_word' id='word_1_147' title='bbox 488 2797 596 2859; x_wconf 83' lang='lat' dir='ltr'>regno</span> <span class='ocrx_word' id='word_1_148' title='bbox 614 2778 799 2842; x_wconf 88' lang='lat' dir='ltr'>Deirorum</span> <span class='ocrx_word' id='word_1_149' title='bbox 818 2777 962 2842; x_wconf 91' lang='lat' dir='ltr'>Osricus</span> <span class='ocrx_word' id='word_1_150' title='bbox 976 2772 1160 2859; x_wconf 81' lang='lat' dir='ltr'>⁵cognatus</span> 
     </span>
     <span class='ocr_line' id='line_1_25' title="bbox 210 2875 1160 2959; baseline 0 -21"><span class='ocrx_word' id='word_1_151' title='bbox 210 2875 306 2959; x_wconf 91' lang='lat' dir='ltr'>ejns;</span> <span class='ocrx_word' id='word_1_152' title='bbox 330 2897 474 2958; x_wconf 83' lang='lat' dir='ltr'>regnum</span> <span class='ocrx_word' id='word_1_153' title='bbox 490 2897 572 2942; x_wconf 85' lang='lat' dir='ltr'>vero</span> <span class='ocrx_word' id='word_1_154' title='bbox 598 2877 837 2943; x_wconf 91' lang='lat' dir='ltr'>Berniciorum</span> <span class='ocrx_word' id='word_1_155' title='bbox 862 2877 1047 2940; x_wconf 83' lang='lat' dir='ltr'>Eanlridus</span> <span class='ocrx_word' id='word_1_156' title='bbox 1068 2876 1160 2939; x_wconf 90' lang='lat' dir='ltr'>filius</span> 
     </span>
     <span class='ocr_line' id='line_1_26' title="bbox 210 2973 1161 3060; baseline -0.001 -22"><span class='ocrx_word' id='word_1_157' title='bbox 210 2973 398 3039; x_wconf 86' lang='lat' dir='ltr'>Athelfridi</span> <span class='ocrx_word' id='word_1_158' title='bbox 433 2977 525 3059; x_wconf 85' lang='lat' dir='ltr'>regis</span> <span class='ocrx_word' id='word_1_159' title='bbox 555 2978 718 3059; x_wconf 87' lang='lat' dir='ltr'>suscepit.</span> <span class='ocrx_word' id='word_1_160' title='bbox 785 2977 835 3041; x_wconf 91' lang='lat' dir='ltr'>Hi</span> <span class='ocrx_word' id='word_1_161' title='bbox 868 2986 983 3041; x_wconf 88' lang='lat' dir='ltr'>autern</span> <span class='ocrx_word' id='word_1_162' title='bbox 1012 2977 1161 3060; x_wconf 87' lang='lat' dir='ltr'>juvenes</span> 
     </span>
     <span class='ocr_line' id='line_1_27' title="bbox 202 3074 1161 3159; baseline -0.003 -20"><span class='ocrx_word' id='word_1_163' title='bbox 202 3083 364 3158; x_wconf 82' lang='lat' dir='ltr'>tempore</span> <span class='ocrx_word' id='word_1_164' title='bbox 396 3077 487 3158; x_wconf 79' lang='lat' dir='ltr'>regis</span> <span class='ocrx_word' id='word_1_165' title='bbox 519 3075 677 3141; x_wconf 89' lang='lat' dir='ltr'>Eadwini</span> <span class='ocrx_word' id='word_1_166' title='bbox 706 3077 799 3159; x_wconf 87' lang='lat' dir='ltr'>apud</span> <span class='ocrx_word' id='word_1_167' title='bbox 822 3076 946 3140; x_wconf 88' lang='lat' dir='ltr'>Scotos</span> <span class='ocrx_word' id='word_1_168' title='bbox 975 3083 1010 3139; x_wconf 89' lang='lat' dir='ltr'>et</span> <span class='ocrx_word' id='word_1_169' title='bbox 1040 3074 1161 3137; x_wconf 90' lang='lat' dir='ltr'>Pictos</span> 
     </span>
     <span class='ocr_line' id='line_1_28' title="bbox 209 3173 1160 3259; baseline 0 -22"><span class='ocrx_word' id='word_1_170' title='bbox 209 3176 392 3240; x_wconf 84' lang='lat' dir='ltr'>exulantes</span> <span class='ocrx_word' id='word_1_171' title='bbox 406 3176 575 3259; x_wconf 84' lang='lat' dir='ltr'>baptizati</span> <span class='ocrx_word' id='word_1_172' title='bbox 599 3184 692 3254; x_wconf 88' lang='lat' dir='ltr'>sunt,</span> <span class='ocrx_word' id='word_1_173' title='bbox 710 3175 772 3239; x_wconf 90' lang='lat' dir='ltr'>sed</span> <span class='ocrx_word' id='word_1_174' title='bbox 795 3176 913 3238; x_wconf 90' lang='lat' dir='ltr'>statim</span> <span class='ocrx_word' id='word_1_175' title='bbox 930 3195 1029 3256; x_wconf 86' lang='lat' dir='ltr'>reges</span> <span class='ocrx_word' id='word_1_176' title='bbox 1047 3173 1160 3237; x_wconf 88' lang='lat' dir='ltr'>effecti</span> 
     </span>
     <span class='ocr_line' id='line_1_29' title="bbox 202 3274 1160 3355; baseline -0.002 -18"><span class='ocrx_word' id='word_1_177' title='bbox 202 3274 253 3337; x_wconf 83' lang='lat' dir='ltr'>&#39;ad</span> <span class='ocrx_word' id='word_1_178' title='bbox 281 3275 375 3339; x_wconf 87' lang='lat' dir='ltr'>idola</span> <span class='ocrx_word' id='word_1_179' title='bbox 409 3277 567 3339; x_wconf 91' lang='lat' dir='ltr'>conversi</span> <span class='ocrx_word' id='word_1_180' title='bbox 591 3284 682 3339; x_wconf 89' lang='lat' dir='ltr'>sunt.</span> <span class='ocrx_word' id='word_1_181' title='bbox 736 3275 812 3338; x_wconf 88' lang='lat' dir='ltr'>Nec</span> <span class='ocrx_word' id='word_1_182' title='bbox 840 3292 949 3351; x_wconf 89' lang='lat' dir='ltr'>mora,</span> <span class='ocrx_word' id='word_1_183' title='bbox 977 3281 1160 3355; x_wconf 89' lang='lat' dir='ltr'>utrumque</span> 
     </span>
     <span class='ocr_line' id='line_1_30' title="bbox 205 3371 1160 3456; baseline 0 -20"><span class='ocrx_word' id='word_1_184' title='bbox 205 3371 369 3456; x_wconf 83' lang='lat' dir='ltr'>juvenem</span> <span class='ocrx_word' id='word_1_185' title='bbox 396 3374 575 3440; x_wconf 88' lang='lat' dir='ltr'>Cadwallo</span> <span class='ocrx_word' id='word_1_186' title='bbox 606 3394 670 3438; x_wconf 85' lang='lat' dir='ltr'>rex</span> <span class='ocrx_word' id='word_1_187' title='bbox 708 3374 890 3437; x_wconf 88' lang='lat' dir='ltr'>Britonum</span> <span class='ocrx_word' id='word_1_188' title='bbox 918 3375 1091 3456; x_wconf 88' lang='lat' dir='ltr'>peremit;</span> <span class='ocrx_word' id='word_1_189' title='bbox 1125 3382 1160 3436; x_wconf 89' lang='lat' dir='ltr'>et</span> 
     </span>
     <span class='ocr_line' id='line_1_31' title="bbox 210 3472 1162 3556; baseline 0.001 -21"><span class='ocrx_word' id='word_1_190' title='bbox 210 3474 321 3554; x_wconf 92' lang='lat' dir='ltr'>primo</span> <span class='ocrx_word' id='word_1_191' title='bbox 350 3475 487 3556; x_wconf 91' lang='lat' dir='ltr'>quidem</span> <span class='ocrx_word' id='word_1_192' title='bbox 508 3474 668 3539; x_wconf 91' lang='lat' dir='ltr'>Osricum</span> <span class='ocrx_word' id='word_1_193' title='bbox 693 3473 774 3537; x_wconf 92' lang='lat' dir='ltr'>dum</span> <span class='ocrx_word' id='word_1_194' title='bbox 799 3492 836 3535; x_wconf 90' lang='lat' dir='ltr'>se</span> <span class='ocrx_word' id='word_1_195' title='bbox 862 3473 896 3535; x_wconf 91' lang='lat' dir='ltr'>in</span> <span class='ocrx_word' id='word_1_196' title='bbox 921 3472 1085 3555; x_wconf 89' lang='lat' dir='ltr'>oppidum</span> <span class='ocrx_word' id='word_1_197' title='bbox 1112 3479 1162 3536; x_wconf 90' lang='lat' dir='ltr'>te-</span> 
     </span>
     <span class='ocr_line' id='line_1_32' title="bbox 210 3573 1160 3656; baseline 0.001 -22"><span class='ocrx_word' id='word_1_198' title='bbox 210 3591 302 3636; x_wconf 88' lang='lat' dir='ltr'>mere</span> <span class='ocrx_word' id='word_1_199' title='bbox 325 3575 524 3656; x_wconf 89' lang='lat' dir='ltr'>recepisset,</span> <span class='ocrx_word' id='word_1_200' title='bbox 553 3574 731 3638; x_wconf 87' lang='lat' dir='ltr'>Cadwallo</span> <span class='ocrx_word' id='word_1_201' title='bbox 760 3573 874 3636; x_wconf 90' lang='lat' dir='ltr'>subito</span> <span class='ocrx_word' id='word_1_202' title='bbox 902 3592 1086 3656; x_wconf 89' lang='lat' dir='ltr'>erumpens</span> <span class='ocrx_word' id='word_1_203' title='bbox 1118 3573 1160 3635; x_wconf 93' lang='lat' dir='ltr'>il·</span> 
     </span>
    </p>
   </div>
   <div class='ocr_carea' id='block_1_3' title="bbox 210 3792 1167 4279">
    <p class='ocr_par' dir='ltr' id='par_1_4' title="bbox 210 3792 1167 4279">
     <span class='ocr_line' id='line_1_33' title="bbox 245 3792 1162 3861; baseline 0.002 -15"><span class='ocrx_word' id='word_1_204' title='bbox 245 3792 253 3826; x_wconf 92' lang='lat'>¹</span> <span class='ocrx_word' id='word_1_205' title='bbox 275 3796 459 3861; x_wconf 64' lang='lat' dir='ltr'>Album]</span> <span class='ocrx_word' id='word_1_206' title='bbox 487 3798 538 3846; x_wconf 85' lang='lat' dir='ltr'>She</span> <span class='ocrx_word' id='word_1_207' title='bbox 560 3798 620 3847; x_wconf 85' lang='lat' dir='ltr'>died</span> <span class='ocrx_word' id='word_1_208' title='bbox 643 3802 675 3848; x_wconf 89' lang='lat'>10</span> <span class='ocrx_word' id='word_1_209' title='bbox 701 3799 751 3847; x_wconf 89' lang='lat' dir='ltr'>this</span> <span class='ocrx_word' id='word_1_210' title='bbox 763 3799 881 3860; x_wconf 83' lang='lat' dir='ltr'>prelate’s</span> <span class='ocrx_word' id='word_1_211' title='bbox 891 3798 967 3847; x_wconf 86' lang='lat' dir='ltr'>death</span> <span class='ocrx_word' id='word_1_212' title='bbox 976 3799 1162 3860; x_wconf 72' lang='lat' dir='ltr'>belowinfiltt,</span> 
     </span>
     <span class='ocr_line' id='line_1_34' title="bbox 210 3868 1163 3930; baseline 0 -14"><span class='ocrx_word' id='word_1_213' title='bbox 210 3868 280 3927; x_wconf 82' lang='lat' dir='ltr'>Sept.</span> <span class='ocrx_word' id='word_1_214' title='bbox 302 3871 362 3928; x_wconf 75' lang='grc'>647,</span> <span class='ocrx_word' id='word_1_215' title='bbox 379 3869 431 3916; x_wconf 83' lang='lat' dir='ltr'>and</span> <span class='ocrx_word' id='word_1_216' title='bbox 448 3883 503 3916; x_wconf 84' lang='lat' dir='ltr'>was</span> <span class='ocrx_word' id='word_1_217' title='bbox 526 3868 674 3918; x_wconf 78' lang='lat' dir='ltr'>canonized.</span> <span class='ocrx_word' id='word_1_218' title='bbox 700 3870 747 3917; x_wconf 88' lang='lat' dir='ltr'>but</span> <span class='ocrx_word' id='word_1_219' title='bbox 771 3869 843 3917; x_wconf 85' lang='lat' dir='ltr'>Beda</span> <span class='ocrx_word' id='word_1_220' title='bbox 864 3869 996 3930; x_wconf 83' lang='lat' dir='ltr'>expressly</span> <span class='ocrx_word' id='word_1_221' title='bbox 1013 3875 1091 3918; x_wconf 82' lang='lat' dir='ltr'>states</span> <span class='ocrx_word' id='word_1_222' title='bbox 1108 3869 1163 3917; x_wconf 85' lang='lat' dir='ltr'>that</span> 
     </span>
     <span class='ocr_line' id='line_1_35' title="bbox 210 3936 1163 4000; baseline 0.002 -16"><span class='ocrx_word' id='word_1_223' title='bbox 210 3936 257 3984; x_wconf 80' lang='lat' dir='ltr'>see</span> <span class='ocrx_word' id='word_1_224' title='bbox 269 3936 334 3986; x_wconf 90' lang='lat' dir='ltr'>Bed.</span> <span class='ocrx_word' id='word_1_225' title='bbox 346 3937 358 3999; x_wconf 61' lang='grc' dir='ltr'>ἧ</span> <span class='ocrx_word' id='word_1_226' title='bbox 371 3941 428 4000; x_wconf 75' lang='lat' dir='ltr'>lta,</span> <span class='ocrx_word' id='word_1_227' title='bbox 439 3942 502 3986; x_wconf 82' lang='lat' dir='ltr'>note.</span> <span class='ocrx_word' id='word_1_228' title='bbox 700 3938 732 3986; x_wconf 89' lang='lat' dir='ltr'>he</span> <span class='ocrx_word' id='word_1_229' title='bbox 743 3938 802 3986; x_wconf 88' lang='lat' dir='ltr'>died</span> <span class='ocrx_word' id='word_1_230' title='bbox 814 3954 845 3986; x_wconf 88' lang='lat' dir='ltr'>on</span> <span class='ocrx_word' id='word_1_231' title='bbox 858 3941 889 3985; x_wconf 80' lang='lat' dir='ltr'>ld</span> <span class='ocrx_word' id='word_1_232' title='bbox 900 3938 958 3986; x_wconf 87' lang='lat' dir='ltr'>Oct.</span> <span class='ocrx_word' id='word_1_233' title='bbox 969 3941 1027 3987; x_wconf 73' lang='grc'>644.</span> <span class='ocrx_word' id='word_1_234' title='bbox 1050 3940 1098 3986; x_wconf 84' lang='lat' dir='ltr'>See</span> <span class='ocrx_word' id='word_1_235' title='bbox 1108 3939 1163 3986; x_wconf 86' lang='lat' dir='ltr'>also</span> 
     </span>
     <span class='ocr_line' id='line_1_36' title="bbox 245 4002 1138 4069; baseline 0.001 -15"><span class='ocrx_word' id='word_1_236' title='bbox 245 4002 408 4069; x_wconf 58' lang='grc' dir='ltr'>Ἤρεσκεν]</span> <span class='ocrx_word' id='word_1_237' title='bbox 429 4008 558 4055; x_wconf 85' lang='lat' dir='ltr'>‘lllultum</span> <span class='ocrx_word' id='word_1_238' title='bbox 576 4007 675 4056; x_wconf 86' lang='lat' dir='ltr'>bonori-</span> <span class='ocrx_word' id='word_1_239' title='bbox 701 4007 833 4068; x_wconf 84' lang='lat' dir='ltr'>Wherton,</span> <span class='ocrx_word' id='word_1_240' title='bbox 841 4007 918 4069; x_wconf 76' lang='lat' dir='ltr'>Angl.</span> <span class='ocrx_word' id='word_1_241' title='bbox 930 4009 1001 4055; x_wconf 85' lang='lat' dir='ltr'>Sacr.</span> <span class='ocrx_word' id='word_1_242' title='bbox 1013 4009 1031 4056; x_wconf 90' lang='lat' dir='ltr'>i.</span> <span class='ocrx_word' id='word_1_243' title='bbox 1043 4023 1069 4067; x_wconf 88' lang='lat' dir='ltr'>p.</span> <span class='ocrx_word' id='word_1_244' title='bbox 1082 4011 1138 4055; x_wconf 72' lang='lat'>³41.</span> 
     </span>
     <span class='ocr_line' id='line_1_37' title="bbox 211 4071 1164 4142; baseline 0 -19"><span class='ocrx_word' id='word_1_245' title='bbox 211 4071 273 4136; x_wconf 86' lang='lat' dir='ltr'>lice,’</span> <span class='ocrx_word' id='word_1_246' title='bbox 285 4076 421 4138; x_wconf 82' lang='lat' dir='ltr'>according</span> <span class='ocrx_word' id='word_1_247' title='bbox 433 4081 458 4124; x_wconf 87' lang='lat' dir='ltr'>to</span> <span class='ocrx_word' id='word_1_248' title='bbox 471 4077 552 4126; x_wconf 83' lang='lat' dir='ltr'>Beda.</span> <span class='ocrx_word' id='word_1_249' title='bbox 736 4074 881 4138; x_wconf 74' lang='lat' dir='ltr'>⁵Cognotus</span> <span class='ocrx_word' id='word_1_250' title='bbox 890 4072 964 4142; x_wconf 69' lang='lat' dir='ltr'>qiua]</span> <span class='ocrx_word' id='word_1_251' title='bbox 979 4077 1020 4124; x_wconf 85' lang='lat' dir='ltr'>lle</span> <span class='ocrx_word' id='word_1_252' title='bbox 1030 4090 1083 4123; x_wconf 86' lang='lat' dir='ltr'>was</span> <span class='ocrx_word' id='word_1_253' title='bbox 1096 4076 1164 4123; x_wconf 84' lang='lat' dir='ltr'>Ead-</span> 
     </span>
     <span class='ocr_line' id='line_1_38' title="bbox 244 4142 1167 4209; baseline 0 -16"><span class='ocrx_word' id='word_1_254' title='bbox 244 4142 254 4171; x_wconf 80' lang='lat'><strong>³</strong></span> <span class='ocrx_word' id='word_1_255' title='bbox 270 4145 339 4209; x_wconf 66' lang='lat' dir='ltr'>yffi]</span> <span class='ocrx_word' id='word_1_256' title='bbox 352 4147 447 4205; x_wconf 78' lang='lat' dir='ltr'>‘Uffa3&#39;</span> <span class='ocrx_word' id='word_1_257' title='bbox 463 4148 598 4196; x_wconf 85' lang='lat' dir='ltr'>Sax.vers.</span> <span class='ocrx_word' id='word_1_258' title='bbox 610 4147 674 4195; x_wconf 85' lang='lat' dir='ltr'>Bed.</span> <span class='ocrx_word' id='word_1_259' title='bbox 703 4147 776 4194; x_wconf 84' lang='lat' dir='ltr'>win&#39;s</span> <span class='ocrx_word' id='word_1_260' title='bbox 798 4147 895 4206; x_wconf 91' lang='lat' dir='ltr'>cousin,</span> <span class='ocrx_word' id='word_1_261' title='bbox 915 4147 990 4207; x_wconf 80' lang='lat' dir='ltr'>being</span> <span class='ocrx_word' id='word_1_262' title='bbox 1013 4145 1055 4194; x_wconf 88' lang='lat' dir='ltr'>the</span> <span class='ocrx_word' id='word_1_263' title='bbox 1077 4160 1122 4193; x_wconf 87' lang='lat' dir='ltr'>son</span> <span class='ocrx_word' id='word_1_264' title='bbox 1138 4144 1167 4193; x_wconf 82' lang='lat' dir='ltr'>oi</span> 
     </span>
     <span class='ocr_line' id='line_1_39' title="bbox 245 4211 1036 4279; baseline 0 -16"><span class='ocrx_word' id='word_1_265' title='bbox 245 4211 254 4240; x_wconf 87' lang='lat'><strong>⁴</strong></span> <span class='ocrx_word' id='word_1_266' title='bbox 267 4215 411 4279; x_wconf 68' lang='lat' dir='ltr'>Paulinae]</span> <span class='ocrx_word' id='word_1_267' title='bbox 429 4216 571 4266; x_wconf 78' lang='lat' dir='ltr'>wendover</span> <span class='ocrx_word' id='word_1_268' title='bbox 589 4218 675 4279; x_wconf 77' lang='lat' dir='ltr'>places</span> <span class='ocrx_word' id='word_1_269' title='bbox 703 4216 808 4278; x_wconf 80' lang='lat' dir='ltr'>Aeltric,</span> <span class='ocrx_word' id='word_1_270' title='bbox 818 4216 919 4264; x_wconf 87' lang='lat' dir='ltr'>brothor</span> <span class='ocrx_word' id='word_1_271' title='bbox 929 4214 959 4264; x_wconf 78' lang='lat' dir='ltr'>oi</span> <span class='ocrx_word' id='word_1_272' title='bbox 966 4215 1036 4264; x_wconf 83' lang='lat' dir='ltr'>Alia.</span> 
     </span>
    </p>
   </div>
   <div class='ocr_carea' id='block_1_4' title="bbox 1168 2199 1274 2300">
    <p class='ocr_par' dir='ltr' id='par_1_5' title="bbox 1168 2199 1274 2300">
     <span class='ocr_line' id='line_1_40' title="bbox 1169 2199 1271 2240; baseline -0.02 0"><span class='ocrx_word' id='word_1_273' title='bbox 1169 2199 1271 2240; x_wconf 71' lang='lat' dir='ltr'>Paulinus</span> 
     </span>
     <span class='ocr_line' id='line_1_41' title="bbox 1168 2249 1274 2300; baseline -0.019 -10"><span class='ocrx_word' id='word_1_274' title='bbox 1168 2252 1242 2300; x_wconf 79' lang='lat' dir='ltr'>blsbop</span> <span class='ocrx_word' id='word_1_275' title='bbox 1250 2249 1274 2289; x_wconf 81' lang='lat' dir='ltr'>ol</span> 
     </span>
    </p>
   </div>
   <div class='ocr_carea' id='block_1_5' title="bbox 1170 2301 1293 2341">
    <p class='ocr_par' dir='ltr' id='par_1_6' title="bbox 1170 2301 1293 2341">
     <span class='ocr_line' id='line_1_42' title="bbox 1170 2301 1293 2341; baseline -0.024 0"><span class='ocrx_word' id='word_1_276' title='bbox 1170 2301 1293 2341; x_wconf 67' lang='lat' dir='ltr'>norberter.</span> 
     </span>
    </p>
   </div>
   <div class='ocr_carea' id='block_1_6' title="bbox 1171 3289 1328 3434">
    <p class='ocr_par' dir='ltr' id='par_1_7' title="bbox 1171 3289 1328 3434">
     <span class='ocr_line' id='line_1_43' title="bbox 1174 3289 1323 3333; baseline -0.034 0"><span class='ocrx_word' id='word_1_277' title='bbox 1174 3291 1243 3333; x_wconf 72' lang='lat' dir='ltr'>Dectb</span> <span class='ocrx_word' id='word_1_278' title='bbox 1251 3290 1277 3330; x_wconf 79' lang='lat' dir='ltr'>ol</span> <span class='ocrx_word' id='word_1_279' title='bbox 1286 3289 1323 3328; x_wconf 76' lang='lat' dir='ltr'>the</span> 
     </span>
     <span class='ocr_line' id='line_1_44' title="bbox 1171 3340 1328 3384; baseline -0.032 -1"><span class='ocrx_word' id='word_1_280' title='bbox 1171 3351 1289 3384; x_wconf 69' lang='lat' dir='ltr'>curemur·</span> <span class='ocrx_word' id='word_1_281' title='bbox 1302 3340 1328 3378; x_wconf 81' lang='lat' dir='ltr'>ol</span> 
     </span>
     <span class='ocr_line' id='line_1_45' title="bbox 1172 3393 1267 3434; baseline -0.042 0"><span class='ocrx_word' id='word_1_282' title='bbox 1172 3393 1267 3434; x_wconf 66' lang='lat' dir='ltr'>amrin.</span> 
     </span>
    </p>
   </div>
   <div class='ocr_carea' id='block_1_7' title="bbox 0 0 1516 5004">
    <p class='ocr_par' dir='ltr' id='par_1_8' title="bbox 0 0 1516 5004">
     <span class='ocr_line' id='line_1_46' title="bbox 0 0 1516 5004; baseline 0 0"><span class='ocrx_word' id='word_1_283' title='bbox 0 0 1516 5004; x_wconf 95' lang='lat' dir='ltr'> </span> 
     </span>
    </p>
   </div>
  </div>
 </body>
</html>
