3000 5004
353 454 419 517 330
612 469 745 516 nocam
769 469 816 515 nn
841 467 1047 514 wmmovaa

414 702 464 765 De
477 700 569 765 acillo
582 701 689 786 mouri
703 699 784 785 repis
799 698 932 784 Alsrodi
946 697 1037 783 apud
1048 696 1251 782 Etbeliupeie.

277 843 294 884 e
406 825 469 889 Est
486 825 584 888 locus
605 826 642 888 in
661 825 793 889 ultimis
806 822 1001 904 Anglorum
1027 822 1154 885 finibus
1178 822 1223 885 ad
1250 841 1309 886 oc·

191 894 309 993 ffiffer
354 924 523 988 cidentem
539 918 566 959 ¹‘
579 923 818 1006 Etbeliugeie,’
840 923 875 985 id
898 928 953 986 est
980 920 1158 985 Nobilium
1181 921 1308 998 insula,

354 1023 562 1106 appellatus,
577 1023 762 1106 paludibus
775 1022 928 1104 undique
942 1022 1193 1103 circumseptus
1206 1029 1243 1084 et
1258 1022 1308 1085 ita

353 1123 563 1200 inaccessus,
580 1131 703 1187 utnon
719 1123 785 1185 nisi
803 1121 944 1202 navigio
958 1127 1065 1203 queat
1081 1119 1182 1183 adiri.
1228 1119 1306 1184 Ha·

353 1221 412 1285 bet
429 1222 582 1286 alnetum
599 1222 714 1285 insula
736 1221 1000 1304 permaximum,
1016 1219 1108 1302 quod
1126 1239 1249 1283 cervos
1271 1228 1305 1284 et

353 1340 478 1404 capras
497 1329 532 1385 et
551 1321 645 1384 illius
669 1321 806 1402 generis
831 1321 960 1383 bestias
984 1319 1140 1383 continet
1163 1319 1304 1396 multas,

353 1427 481 1483 terram
503 1420 649 1484 solidam
667 1421 728 1484 vix
746 1418 926 1502 [duorum]
946 1418 1109 1501 jugerum
1133 1417 1237 1482 habet
1253 1418 1304 1482 la·

352 1526 436 1596 tam,
461 1520 812 1602 quantulamcumque
836 1518 1016 1601 planitiem
1050 1518 1086 1580 in
1114 1517 1228 1580 medio
1250 1537 1303 1581 re·

352 1625 508 1697 tentam3
542 1618 629 1682 banc
655 1639 718 1682 rex
745 1617 922 1694 Allredus,
945 1616 1067 1699 paucis
1097 1616 1302 1681 commilito·

350 1718 453 1780 uibus
468 1737 556 1800 quos
578 1717 729 1782 habebat
743 1737 817 1800 prae
830 1717 949 1780 dolore
965 1716 1106 1792 relictis,
1122 1722 1162 1779 ut
1182 1716 1301 1780 hostes

350 1814 486 1892 lateret,
503 1816 599 1879 solus
620 1817 756 1899 petivit,
782 1816 841 1879 ubi
863 1815 1042 1900 cujusdam
1064 1814 1177 1897 ignoti
1194 1824 1300 1897 tugu-

350 1914 438 1977 rium
455 1916 668 1997 prospiciens
693 1915 738 1979 ad
754 1916 839 1980 illud
860 1914 1014 1991 divertit,
1029 1915 1217 1997 hospitium
1240 1935 1300 1997 pe·

350 2014 406 2077 tiit
422 2023 458 2079 et
475 2014 621 2097 accepit,
638 2015 697 2078 ubi
711 2035 773 2097 per
786 2014 860 2078 dies
877 2014 1010 2096 aliquot
1027 2013 1153 2096 hospes
1167 2022 1204 2078 et
1220 2033 1298 2095 ege-

348 2132 427 2191 nus,
444 2115 565 2198 illique
579 2122 615 2178 et
632 2114 707 2199 ejus
723 2114 826 2177 uxori
841 2113 1012 2190 subditus,
1029 2114 1200 2196 rebusque
1217 2132 1299 2176 con·

349 2219 467 2278 tentus
493 2214 655 2291 minimis,
679 2214 871 2277 habitabat.
923 2212 1003 2276 Rex
1020 2220 1137 2275 autem
1153 2213 1299 2277 interro-

347 2321 464 2392 gatus,
480 2315 557 2396 quis
577 2321 670 2377 esset
685 2321 747 2376 aut
761 2312 844 2395 quid
865 2311 902 2374 in
917 2311 994 2376 loco
1016 2312 1153 2376 deserto
1166 2331 1300 2394 quaere·

348 2419 413 2488 ret,
426 2413 616 2495 respondit,
638 2432 676 2476 se
693 2412 784 2494 regis
801 2430 877 2475 esse
892 2411 1088 2475 ministrum
1102 2418 1233 2475 etcum
1257 2431 1298 2476 eo

348 2510 384 2572 in
409 2511 530 2593 praelio
554 2513 696 2588 victum,
720 2519 825 2594 atque
850 2510 901 2574 sic
924 2510 1145 2593 insequentes
1175 2511 1298 2576 adver·

347 2609 457 2672 sarios
481 2609 669 2692 lugientem
694 2611 777 2675 illuc
803 2611 1022 2693 pervenisse3
1043 2610 1211 2675 subulcus
1229 2611 1296 2692 igi-

348 2715 406 2771 tur
433 2710 548 2773 verbis
579 2710 673 2773 illius
700 2710 872 2786 credulus,
901 2717 1015 2773 motus
1042 2711 1185 2792 pietate,
1211 2729 1296 2774 cura

346 2806 505 2890 diligenti
521 2809 552 2872 ei
566 2810 648 2872 vitae
666 2810 861 2873 necessaria
873 2809 1093 2872 ministravit.
1140 2807 1297 2891 Contigit

346 2914 462 2971 autem
479 2908 674 2985 subulcum,
689 2908 733 2971 de
749 2928 856 2985 more,
872 2909 928 2972 die
941 2908 1091 2990 quadam
1110 2928 1234 2990 porcos
1250 2909 1296 2972 ad

344 3007 449 3071 solita
463 3027 586 3090 cogere
603 3026 734 3090 pascua
749 3015 784 3071 et
799 3027 915 3089 regem
930 3007 1043 3072 solum
1059 3027 1138 3071 cum
1159 3007 1295 3071 subulci

344 3125 453 3170 uxore
475 3107 568 3171 domi
596 3107 764 3188 residere;
791 3126 939 3190 cumque
963 3106 1086 3170 mulier
1103 3106 1166 3170 illa
1186 3126 1294 3189 panes

343 3207 595 3271 subcinericeos
608 3207 644 3270 in
659 3208 741 3288 igne
764 3207 808 3270 ad
824 3207 1040 3289 coquendum
1063 3207 1238 3289 posuisset
1259 3213 1294 3270 et

342 3305 419 3369 aliis
451 3307 587 3372 intenta
618 3307 766 3388 negotiis
792 3325 899 3388 panes
926 3307 1069 3369 adustos
1098 3306 1292 3388 conspexit,

342 3424 424 3470 mox
441 3404 621 3488 indignata
635 3425 751 3488 regem
767 3406 972 3488 increpavit,
989 3405 1119 3482 dicens,

421 3555 534 3614 ‘Urere
546 3574 618 3632 quos
632 3555 724 3612 cernis
738 3573 834 3631 panes,
848 3553 942 3630 girare
955 3552 1084 3621 moraris,

441 3651 515 3710 Cum
528 3651 645 3707 nimium
658 3648 765 3726 gaudes
778 3649 831 3707 hos
844 3648 1014 3706 manducare
1027 3647 1170 3706 calentes'

339 3791 388 3853 At
416 3810 479 3853 rex
510 3791 660 3855 demisso
690 3793 801 3870 vultu,
825 3793 979 3857 mulieris
1001 3790 1185 3856 lacessitus
1207 3810 1287 3855 con·

372 4026 580 4099 ¹Etltelingeie.]
609 4032 745 4095 Athelney,
769 4035 796 4082 in
820 4034 947 4083 reference
974 4039 1000 4083 to
1022 4027 1149 4082 Aelired'e
1175 4034 1286 4085 reduced

334 4104 536 4163 Somersetshire,
572 4116 634 4151 near
670 4102 795 4154 Tounton.
820 4103 1199 4166 condition,‘utiuvitusancti
1208 4105 1286 4166 patris

332 4173 386 4223 ‘Ibe
398 4179 465 4235 story
475 4173 605 4234 following
615 4187 724 4233 appears
732 4173 795 4222 from
822 4174 897 4222 Necti
909 4169 1018 4235 legitur,’
1025 4178 1050 4221 ta
1060 4172 1126 4221 have
1134 4174 1199 4223 boen
1209 4175 1285 4224 taken

333 4258 366 4292 an
385 4245 530 4304 expression
549 4241 612 4292 used
627 4242 661 4303 by
672 4243 752 4292 Aeser
769 4245 795 4292 iu
819 4243 882 4293 t‘rom
893 4242 936 4292 the
947 4258 1016 4293 same
1028 4257 1126 4294 source.
