3000 5004
349 461 415 524 338
602 473 735 521 nncnar
762 474 809 520 nn
834 472 1040 520 wannovrra

188 655 298 696 solane·
352 653 433 698 nam
456 632 511 696 hic
531 639 585 695 est
600 650 689 694 unus
709 629 864 712 parvus,’
878 629 922 694 de
937 649 975 693 se
997 629 1127 705 dicens,
1143 633 1153 662 ‘
1167 636 1203 690 et
1218 628 1310 692 duos

190 706 272 745 mu*
353 731 526 816 grandes}
541 732 653 814 pisces
671 739 841 812 tangens3
864 730 946 793 item
964 748 1153 793 conversus
1176 727 1222 790 ad
1240 726 1311 791 cle-

354 835 443 896 ricos
458 832 520 908 ait,
542 828 635 892 ‘Hic
651 838 734 894 sunt
747 829 816 893 duo
828 827 969 909 magni,'
984 828 1128 892 clericos
1145 827 1308 901 innuens,

355 939 365 967 ‘
379 939 414 995 et
429 949 520 994 unns
534 928 687 1011 parvus,'
704 929 833 1010 piscem
847 927 1056 1010 intelligens.

407 1030 481 1093 Iste
511 1028 618 1110 igitur
640 1026 663 1091 J
666 1028 832 1105 ohannes,
862 1034 987 1109 rogatu
1019 1026 1173 1110 ejusdem
1204 1026 1311 1106 regis,

358 1121 615 1192 Hierarchiam¹
653 1126 815 1210 Dionysii
848 1125 1071 1209 Areopagitae
1103 1124 1146 1188 de
1184 1124 1312 1188 Graeco

358 1230 394 1292 in
428 1227 591 1291 Latinum
623 1226 813 1303 transtulit,
845 1245 915 1308 qno
944 1226 983 1289 fit
1022 1232 1062 1287 ut
1088 1223 1151 1288 vix
1182 1222 1313 1287 intelli-

359 1334 464 1408 gatur
501 1326 628 1389 Latina
667 1325 781 1402 litera,
819 1344 897 1388 cum
938 1323 1156 1388 volubilitate
1200 1324 1313 1403 magis

361 1426 489 1490 Graeca
505 1443 609 1508 quam
624 1423 798 1506 positione
813 1425 1026 1487 construitur
1038 1422 1177 1486 Latina.
1211 1421 1313 1485 Com·

360 1525 478 1608 posuit
493 1524 598 1589 etiam
619 1522 757 1599 librum,
772 1542 873 1605 quem
896 1521 979 1586 Peri
1001 1520 1168 1604 physicon
1191 1521 1312 1583 meris·

361 1630 486 1699 matos,
514 1622 549 1686 id
577 1628 642 1698 est,
670 1623 713 1686 de
745 1630 879 1686 naturae
900 1621 1083 1697 divisione,
1107 1619 1314 1695 intitulavit,

361 1728 503 1804 propter
537 1720 804 1808 perplexitatem
832 1720 1048 1804 quamndam
1080 1720 1313 1801 quaestionum

362 1819 605 1884 solvendarum
637 1819 725 1883 bene
754 1820 886 1897 utilem,
912 1820 942 1884 si
970 1826 1086 1883 tamen
1110 1818 1316 1899 ignoscatur

364 1919 396 1983 ci
425 1919 461 1982 in
493 1918 711 2001 quibusdam,
743 1918 778 1982 in
808 1920 932 2002 quibus
961 1938 984 1982 a
1014 1918 1217 1982 Latinorum
1243 1925 1315 1981 tra·

365 2018 447 2082 mite
484 2018 650 2095 deviavit,
681 2018 763 2082 dnm
793 2018 830 2081 in
864 2017 1008 2083 Graecos
1038 2017 1165 2080 acriter
1194 2015 1315 2081 oculos

364 2117 525 2196 intendit,
557 2118 647 2181 unde
677 2125 713 2182 et
742 2117 925 2182 haereticus
957 2137 980 2181 a
1012 2116 1219 2200 quibusdam
1251 2134 1315 2199 pn-

366 2224 462 2281 tatus
498 2224 577 2294 est3
613 2217 753 2299 scripsit
782 2217 872 2281 enim
904 2223 1026 2281 contra
1061 2235 1141 2279 enm
1174 2215 1315 2298 quidam

369 2315 506 2393 Florus,
538 2316 598 2398 qui
631 2324 666 2380 et
699 2316 775 2401 ejus
803 2316 934 2400 scripta
965 2315 1188 2398 depravando
1218 2314 1316 2377 dam·

367 2415 489 2492 navit;
516 2421 598 2478 sunt
620 2416 711 2480 enim
734 2435 856 2479 revera
876 2416 912 2478 in
936 2414 1024 2478 libro
1046 2413 1129 2478 Peri
1148 2413 1315 2497 physicon

367 2511 590 2595 perplurima,
613 2533 704 2596 quae,
728 2514 794 2578 nisi
820 2515 1003 2597 diligenter
1025 2513 1268 2588 discutiantur,
1295 2530 1317 2576 a

368 2612 435 2674 fide
462 2611 632 2675 catholica
656 2614 771 2677 aliona
792 2614 1005 2697 judicantur.
1059 2611 1179 2696 Hujus
1201 2618 1316 2675 autem

368 2709 540 2792 opinionis
569 2713 744 2795 particeps
786 2733 862 2777 esse
899 2713 1116 2794 dignoscitur
1158 2710 1317 2794 pontifex

370 2809 562 2886 RomannS,
595 2812 656 2894 qni
686 2811 722 2874 in
754 2812 902 2894 epistola
936 2811 980 2876 ad
1015 2811 1179 2876 Carolnm
1212 2811 1320 2874 missa

369 2909 470 2986 dixit,
502 2909 690 2975 ‘Relatum
723 2919 777 2975 est
810 2911 1022 2994 apostolatui
1055 2918 1186 2987 nostro,
1226 2909 1318 2993 quod

370 3028 458 3093 opus
474 3008 635 3094 Dionysii
648 3009 883 3092 Areopagitae,
901 3010 993 3093 quod
1007 3011 1050 3075 de
1064 3011 1191 3075 divinis
1208 3008 1318 3075 nomi·

370 3109 471 3172 nibus
489 3116 524 3172 et
540 3109 582 3172 de
605 3110 801 3173 caelestibus
827 3110 1003 3174 ordinibus
1021 3108 1147 3174 Graeco
1168 3109 1320 3191 descrip-

370 3208 416 3271 sit
435 3207 584 3289 eloquio,
602 3210 741 3290 quidam
756 3210 810 3272 vir
826 3207 849 3272 J
853 3209 1019 3286 ohannes,
1033 3229 1159 3291 genere
1181 3208 1319 3284 Scotns,

370 3326 481 3388 nuper
510 3307 688 3371 transtulit
714 3309 750 3371 in
779 3308 962 3387 Latinum3
995 3309 1087 3391 quod
1109 3308 1216 3391 juxta
1248 3326 1320 3370 mo·

371 3425 443 3468 rcm
461 3406 613 3470 ecclesiae
632 3408 732 3471 nobis
749 3408 840 3471 mitti
863 3415 898 3472 et
915 3414 1035 3473 nostro
1052 3408 1186 3492 judicio
1202 3407 1320 3471 debuit

371 3505 568 3586 approbari,
592 3507 785 3588 praesertim
812 3526 891 3570 cnm
916 3506 1008 3570 idem
1022 3505 1216 3583 Johannes,
1241 3505 1322 3570 licet

371 3602 490 3667 multae
516 3604 670 3667 scientiae
695 3625 771 3669 esse
797 3606 1014 3689 praedicetur,
1038 3605 1121 3670 olim
1143 3625 1213 3669 non
1236 3623 1319 3669 sane

371 3720 493 3782 sapere
520 3703 556 3765 in
583 3702 788 3784 quibusdam
811 3704 983 3788 frequenti
1000 3725 1137 3770 rumore
1162 3702 1319 3768 dicatur!

371 3797 521 3882 Propter
532 3799 622 3865 hanc
633 3821 716 3883 ergo
730 3803 905 3868 infamiam
917 3805 1007 3869 idem
1017 3803 1040 3868 J
1043 3804 1198 3868 ohannes
1211 3804 1321 3868 Fran·

370 3899 458 3962 ciam
482 3899 681 3983 relinquens
707 3923 822 3985 regem
843 3904 1026 3969 Alfrednm
1052 3905 1189 3987 petivit,
1222 3903 1321 3988 cujus

405 4104 600 4157 'Hiercrchicm
620 4109 757 4174 Dionysii]
782 4111 833 4161 His
859 4112 966 4174 Ussher,
983 4113 1103 4162 Veterum
1127 4111 1322 4163 hibernicarum

367 4179 480 4226 metrica!
511 4179 584 4227 letter
605 4180 655 4228 and
684 4180 785 4242 preface
807 4188 833 4230 to
858 4183 1030 4245 Epistolarum
1043 4182 1156 4245 Sylloge,
1166 4197 1193 4244 p.
1205 4187 1248 4233 5⁷.

368 4246 474 4295 charles
484 4247 508 4296 le
521 4248 625 4297 chauve
636 4263 680 4298 are
696 4252 795 4312 printed
806 4252 831 4300 in
