3000 5004
350 449 416 514 286
613 467 746 514 nooaru
772 467 818 514 nn
841 467 1047 516 wnnuovnn

322 611 323 614 ¹
352 630 428 702 est;
452 623 634 689 celebratae
644 644 783 707 quoque
800 631 881 688 sunt
895 624 1028 706 nuptiae
1045 624 1081 687 in
1099 624 1184 688 villa
1201 626 1308 707 regia,

352 741 431 806 quae
455 722 694 806 Chippenham
717 725 926 808 appellatur,
948 724 1008 786 nbi
1031 718 1166 807 ¹puella
1188 725 1308 790 Ethel-

352 823 494 886 suuitha
509 824 637 906 reginae
652 844 776 887 nomen
794 823 992 906 promeruit

353 999 402 1061 De
417 998 554 1083 quodem
569 995 697 1060 muliero
716 993 872 1080 sortilega,
887 1003 916 1058 et
932 993 997 1079 ejus
1012 992 1184 1059 mioerabili
1203 1006 1305 1061 morte.

404 1120 508 1184 Circa
530 1121 603 1184 dies
629 1121 715 1184 istos
740 1113 880 1182 ²mulier
900 1118 1061 1201 quaedam
1085 1119 1243 1183 malefica
1270 1122 1321 1184 iu‘

354 1220 449 1297 villa,
467 1240 545 1303 quae
564 1218 747 1283 Berkeleia
770 1218 908 1295 dicitur,
930 1218 1071 1300 degens,
1094 1217 1188 1299 gulae
1210 1238 1304 1282 ama·

353 1321 424 1384 trix
462 1340 503 1383 ac
532 1319 749 1401 petulantiae,
766 1317 926 1398 'flagitiis
956 1318 1098 1382 modum
1130 1337 1240 1401 usque
1268 1319 1302 1382 in

352 1420 486 1483 senium
503 1426 538 1482 et
555 1419 710 1499 auguriis
726 1437 796 1480 nou
810 1437 955 1499 ponens,
969 1437 1080 1499 usque
1102 1417 1145 1480 ad
1160 1426 1303 1482 mortem

352 1518 528 1600 impudica
542 1519 742 1599 permansit.
796 1516 886 1580 Haec
908 1516 963 1580 die
978 1517 1127 1598 quadam
1150 1537 1229 1581 cum
1250 1536 1304 1582 se·

353 1618 450 1681 deret
472 1618 516 1680 ad
538 1617 732 1700 prandium,
755 1616 942 1693 cornicula,
965 1635 1068 1698 quam
1092 1635 1155 1698 pro
1173 1616 1303 1681 deliciis

293 1712 294 1716 ’
353 1717 530 1798 pascebat,
547 1717 662 1779 nescio
679 1716 761 1799 quid
777 1716 909 1796 garrire
927 1716 1054 1798 coepit3
1077 1734 1148 1798 quo
1171 1715 1302 1793 andito,

352 1816 506 1880 mulieris
520 1815 680 1878 cultellus
697 1814 740 1878 de
753 1834 858 1878 manu
873 1816 1016 1891 excidit,
1029 1815 1131 1878 simul
1148 1823 1184 1879 et
1200 1815 1304 1879 facies

354 1914 541 1996 pallescere
558 1915 676 1996 coepit,
702 1922 737 1978 et
759 1915 885 1977 emisso
906 1916 1036 1995 rugitu,
1062 1908 1226 1991 ‘Hodie’
1250 1916 1304 1978 in·

353 2015 441 2096 quit,
456 2014 643 2096 ‘accipiam
653 2014 784 2095 grande
795 2014 1060 2089 incommodum,
1075 2013 1245 2096 hodieque
1260 2014 1303 2077 ad

353 2114 485 2177 sulcum
513 2114 672 2177 ultimum
694 2132 808 2176 meum
830 2113 989 2195 pervenit
1011 2120 1164 2176 aratrum
1183 2111 1203 2192 ;’
1233 2133 1303 2196 quo

354 2212 458 2289 dicto,
473 2214 615 2277 nuntius
631 2212 759 2277 doloris
774 2213 930 2276 intravit.
966 2212 1113 2277 Muliere
1129 2233 1213 2277 vero
1228 2233 1302 2295 per-

353 2321 517 2376 cunctata
536 2312 580 2376 ad
603 2313 685 2393 qnid
705 2313 848 2389 veniret,
871 2310 1047 2388 ‘Adsero’
1066 2312 1192 2394 inquit,
1219 2312 1302 2376 ‘tibi

353 2411 415 2474 filii
443 2413 494 2475 tui
516 2412 647 2475 obitum
673 2418 708 2475 et
735 2412 842 2475 totius
867 2410 1006 2475 familiae
1022 2411 1098 2495 ejus
1120 2431 1165 2475 ex
1188 2412 1303 2476 subita

353 2511 453 2573 ruina
467 2511 668 2574 interitum.’
705 2510 786 2574 Hoc
801 2530 939 2594 quoque
956 2510 1073 2574 dolore
1087 2511 1210 2574 mulier
1224 2531 1301 2594 per·

353 2617 459 2686 mota,
495 2610 585 2672 lecto
621 2610 778 2691 protinus
809 2610 973 2673 decubuit
1013 2610 1167 2690 graviter
1205 2610 1300 2673 infir·

352 2717 471 2786 mata;
495 2709 714 2790 sentiensque
736 2710 891 2772 morbum
915 2709 1099 2790 subrepere
1121 2709 1165 2771 ad
1180 2710 1302 2773 vitalia

352 2807 478 2871 liberos
493 2827 580 2889 quos
603 2808 725 2871 habuit
745 2809 963 2890 superstites,
985 2808 1189 2871 monachum
1208 2809 1300 2872 vide-

351 2905 433 2970 licet
450 2916 485 2972 et
499 2907 715 2983 monacham,
732 2927 795 2989 per
809 2907 989 2989 epistolam
1002 2907 1177 2971 invitavit.
1229 2905 1303 2971 Ad-

352 3007 531 3071 venientes
566 3015 682 3071 autem
714 3026 800 3070 voce
839 3006 1054 3088 singultienti
1091 3005 1301 3089 adloquitur,

352 3105 477 3188 ‘Ego,'
493 3107 618 3188 inquit,
645 3104 699 3168 ‘O
718 3104 827 3188 pueri,
845 3125 921 3170 meo
939 3105 1213 3170 miserabilitate
1230 3107 1302 3171 dae·

352 3206 518 3268 moniacis
541 3225 676 3286 semper
690 3206 822 3268 artibus
845 3204 1034 3284 inservivi3
1057 3224 1123 3286 ego
1137 3205 1301 3271 vitiorum

351 3305 503 3369 omnium
534 3306 682 3379 sentina,
707 3324 772 3386 ego
802 3304 1040 3369 illecebrarum
1066 3305 1218 3368 omnium
1248 3306 1298 3370 fui

350 3405 539 3484 magistra;
563 3412 639 3468 erat
660 3403 742 3466 mihi
765 3412 880 3467 tamen
903 3404 993 3467 inter
1017 3404 1090 3467 haec
1104 3404 1209 3481 mala,
1223 3425 1303 3488 spes

350 3509 476 3566 vestrae
503 3503 692 3584 religionis,
720 3522 798 3585 quae
825 3522 935 3567 meam
965 3502 1129 3566 solidaret
1152 3504 1302 3569 animam

351 3601 582 3682 desperatam,
600 3621 662 3664 vos
680 3603 909 3683 expectabam
928 3609 1206 3684 propugnatores
1222 3623 1303 3668 con·

351 3707 406 3763 tra
426 3699 611 3776 daemones,
636 3707 769 3764 tutores
793 3709 915 3765 contra
939 3700 1150 3765 saevissimos
1173 3701 1302 3768 hostes.

351 3796 386 3861 N
391 3816 457 3861 unc
487 3798 605 3880 igitur,
637 3801 800 3881 quoniam
833 3801 875 3864 ad
908 3801 1010 3864 finem
1033 3800 1116 3865 vitae
1147 3803 1302 3885 perveni,

387 4039 494 4091 'Puella
517 4041 723 4103 bunnuaria]
761 4042 811 4090 She
837 4048 904 4104 story
917 4042 946 4091 ot*
958 4041 1130 4092 thewitchol'
1143 4041 1305 4104 Berkeleyis

348 4113 408 4162 died
420 4118 447 4161 at
461 4113 543 4160 Pania
559 4113 653 4160 inflet).
691 4111 811 4161 lllalmsb.
838 4112 915 4161 talen
937 4111 999 4161 from
1022 4112 1192 4172 Malmsbury,
1216 4114 1241 4161 in
1264 4113 1304 4162 his

348 4181 405 4249 §96
837 4188 945 4230 account
963 4182 992 4230 oi
1007 4192 1072 4244 pop
1090 4181 1209 4244 Gregory
1225 4183 1273 4233 vl.
1291 4180 1304 4247 §

383 4219 748 4317 ’humqmuammteficaq
758 4251 811 4299 The
837 4256 894 4300 2⁰⁴.
