3000 5004
356 477 422 542 492
616 492 750 540 nocam
774 491 822 538 ns
846 488 1053 538 wsunovsa

356 657 414 712 tur
436 648 651 730 dignitatem.
707 647 897 729 stigandus
920 664 1016 722 vero,
1036 644 1096 725 qui
1121 642 1311 724 quondam,

358 747 619 812 Helmhamensi
636 747 837 830 episcopatu
858 745 1012 821 dimisso,
1027 741 1309 809 wintoniensem

355 847 544 924 invaserat,
577 865 670 910 nunc
698 847 791 927 regis
825 844 1010 908 Eadwardi
1049 841 1309 924 simplicitatem

356 946 640 1022 circumveniens
658 939 814 1009 ¹vivente
844 944 999 1008 Roberto
1034 940 1310 1023 archiepiscopo,

357 1044 642 1110 cantuariensem
666 1044 816 1108 obtinuit
841 1043 1057 1124 dignitatem.
1109 1033 1309 1103 ²Osheruns

356 1164 439 1208 vero
462 1153 499 1209 et
522 1144 642 1225 Hngo,
661 1143 966 1223 Normannigenae,
984 1158 1049 1202 sua
1071 1138 1308 1221 relinquentes

355 1243 499 1308 castella
529 1251 564 1307 et
585 1236 719 1324 'regem
744 1242 925 1306 Scotorum
956 1238 1137 1315 adeuntes,
1161 1238 1206 1301 ah
1231 1236 1308 1319 ipso

354 1351 436 1408 sunt
452 1343 593 1425 recepti.

516 1516 671 1596 Quocirca
692 1514 896 1581 Wcllsmitun
910 1513 1088 1598 intersectas
1101 1521 1155 1578 ost.

405 1636 510 1702 Anno
525 1639 665 1703 Domini
683 1655 791 1704 muru.
807 1632 932 1702 ⁴frater
946 1635 1097 1712 Griffini,
1113 1637 1206 1718 regis
1218 1636 1308 1701 Wa-

354 1736 524 1813 lanorum‚
539 1739 676 1801 nomine
700 1738 851 1814 Rhesus,
866 1737 901 1800 in
917 1736 1006 1813 loco,
1022 1735 1082 1818 qui
1098 1736 1306 1799 Bulendune

353 1833 490 1910 dicitur,
507 1836 642 1899 occisus
665 1845 730 1913 est,
754 1845 789 1901 et
805 1843 912 1918 caput
926 1835 1002 1919 ejus
1019 1835 1092 1916 regi
1109 1834 1309 1899 Eadwardo

351 1933 388 1995 in
414 1934 535 2015 vigilia
557 1935 763 2017 Epiphaniae
784 1935 876 2018 apud
900 1933 1125 1999 Gloverniam
1143 1951 1306 2017 'praesen-

352 2039 476 2097 tatum.

475 2208 525 2273 De
537 2217 632 2273 morto
648 2185 829 2294 turpissimo
846 2208 993 2274 Godwt‘ni
1000 2207 1187 2294 proditoris.

402 2331 507 2397 Anno
534 2333 657 2415 gratiae
676 2349 775 2396 unrv.
792 2353 855 2397 rex
873 2333 1067 2415 Anglorum
1086 2331 1305 2397 Eadwardus

352 2431 594 2496 solennitatem
618 2432 823 2495 Paschalem
849 2433 942 2515 apud
969 2431 1186 2498 Wintoniam
1214 2432 1305 2496 cele·

352 2530 479 2605 hravit,
503 2532 575 2607 ubi,
591 2531 684 2594 dicto
702 2551 783 2612 rege
799 2530 843 2594 ad
867 2550 1019 2594 mensam
1044 2529 1200 2607 sedente,
1223 2550 1303 2594 cum

351 2628 514 2709 pincerna
526 2629 602 2712 ejus
616 2629 765 2711 cyphum
781 2630 913 2712 regium
930 2630 1011 2694 vino
1027 2628 1167 2712 plenum
1182 2650 1304 2694 mensa

351 2734 452 2789 tenus
469 2734 636 2808 portaret,
651 2728 772 2811 pedem
790 2749 897 2792 unum
915 2729 959 2792 ad
975 2729 1098 2791 domus
1120 2730 1300 2814 pavimen·

351 2831 423 2887 tum
453 2825 607 2903 offendit,
641 2827 701 2890 sed
733 2829 844 2893 altero
876 2847 952 2891 sese
978 2826 1065 2911 pede
1094 2828 1301 2909 recolligens

349 2924 484 3007 lapsum
508 2927 630 2990 evasit.
677 2925 779 3004 Quod
802 2927 922 2990 videns
940 2921 1072 2990 ⁵comes
1093 2924 1300 3005 Godwinus,

349 3025 409 3105 qni
431 3025 473 3089 de
501 3045 596 3089 more
617 3026 799 3107 prandenti
822 3026 1003 3090 adsidebat
1023 3025 1110 3106 regi,
1127 3025 1189 3102 ait,
1206 3024 1301 3090 ‘Hic

350 3123 457 3188 frater
480 3124 579 3189 fratri
605 3124 773 3187 auxilinm
797 3126 878 3189 tulit
891 3126 914 3205 ς’
947 3125 992 3188 ad
1016 3143 1119 3206 quem
1145 3144 1208 3188 rex
1229 3125 1299 3189 iro‘·

350 3223 426 3286 nice
452 3224 630 3307 respondit
647 3223 776 3301 dicens,
796 3225 943 3288 ‘Frater
968 3243 1064 3287 meus
1086 3224 1171 3287 mihi
1195 3225 1298 3288 modo

349 3331 466 3403 posset
484 3323 659 3398 auxiliari,
684 3323 751 3386 nisi
775 3322 921 3387 luissent
944 3323 1079 3387 insidiae
1103 3320 1299 3401 Godwini3’

382 3560 507 3613 ¹l'ivente
526 3564 662 3627 autenm]
687 3565 755 3626 who,
779 3581 808 3615 as
835 3566 1298 3629 Macbeth,hingolScotlnnd;Flor.

345 3634 392 3682 has
403 3636 460 3696 just
476 3635 540 3682 been
558 3634 728 3697 noticed,hnd
745 3637 807 3684 been
868 3634 981 3685 ⁴Fmter
1001 3637 1124 3702 Griffiah]
1145 3638 1179 3686 So
1196 3639 1298 3688 Simeon

345 3703 462 3765 expelled
485 3703 525 3751 his
549 3718 600 3753 see.
641 3705 747 3767 Stigand
770 3720 807 3754 re·
833 3706 882 3754 and
896 3706 1024 3755 Florenee.

344 3773 432 3820 ceived
450 3788 466 3821 a
482 3773 535 3833 pall
552 3772 614 3820 from
632 3773 754 3824 Benedict
764 3775 807 3823 the
867 3773 975 3824 ‘Comes
993 3776 1148 3840 Μάκαι]
1172 3776 1228 3825 The
1244 3782 1300 3827 text

344 3841 415 3890 tenth
425 3842 451 3888 in
464 3845 545 3900 ltl58;
562 3843 682 3892 Malmsb.
694 3859 720 3905 p.
733 3849 790 3895 ³4⁰.
832 3845 931 3894 follows
949 3846 992 3894 the
1009 3851 1117 3894 account
1127 3847 1156 3894 oi
1163 3844 1298 3897 Goduin's

380 3908 545 3973 'Ochemusfl
554 3915 806 3974 cognomento‘Pen-
832 3914 907 3964 death
922 3916 955 3977 by
966 3916 1134 3976 Mnlmshury.
1169 3916 1224 3965 The
1235 3917 1298 3966 Su.

344 3982 441 4042 tecost,’
451 3981 518 4029 Flor.
833 3984 926 4035 Chron.
937 3986 987 4033 and
999 3985 1119 4034 Florence
1136 4000 1182 4046 say
1194 3986 1249 4035 that
1264 3986 1296 4035 he

379 4051 493 4113 ³Regem
515 4051 641 4100 Scotorum
664 4046 804 4119 adeuntem]
832 4054 876 4103 sell
886 4054 962 4103 down
979 4055 1004 4102 in
1019 4070 1036 4103 a
1054 4056 1081 4103 tit
1091 4055 1178 4104 whilst
1188 4063 1216 4104 at
1227 4057 1296 4106 table

342 4120 413 4181 They
437 4136 503 4170 were
532 4119 664 4181 pcrmitted
692 4126 717 4168 to
746 4135 806 4182 pass
832 4124 894 4171 with
905 4124 947 4173 the
967 4124 1037 4186 king,
1048 4125 1109 4184 and,
1123 4125 1188 4175 atter
1202 4127 1296 4188 linger·

343 4190 450 4251 through
469 4191 510 4240 the
528 4194 635 4250 country
654 4190 686 4250 hy
705 4190 805 4240 Leosric
833 4193 875 4254 ing
895 4192 951 4241 t'our
961 4193 1035 4256 days,
1045 4195 1105 4244 died
1123 4211 1155 4244 on
1172 4196 1216 4244 the
1236 4196 1295 4245 roth

341 4260 394 4307 carl
405 4258 434 4308 ol
443 4259 559 4319 Chester,
576 4264 601 4307 to
623 4259 767 4320 Macbeoth‚
777 4276 806 4309 or
832 4263 861 4310 ol
868 4263 950 4325 April.
