3000 5004
394 461 532 508 rnouns
557 461 825 509 nrsronmrrun.
1014 446 1080 511 329

129 636 276 701 qnaeqne
291 617 356 681 sibi
372 619 476 682 obvia
492 618 710 694 macerando,
726 624 773 694 et,
787 625 826 681 ut
841 616 1005 700 majorem
1018 617 1080 682 he·

131 716 337 780 bitatoribus
355 718 524 781 incuteret
538 717 768 793 formidinem,
791 736 861 779 non
886 717 985 780 sexui
1002 719 1077 799 qni-

129 815 206 878 dem
237 817 395 879 muliebri
426 836 489 879 nec
521 816 745 898 parvulorum
779 816 945 898 parcebat
969 818 1077 881 aetati.

131 912 244 978 Auxit
261 923 378 978 antem
400 914 505 999 hujus
528 914 778 997 persecutionis
799 915 985 996 procellam
1011 917 1076 978 iui-

131 1014 246 1095 quitas
259 1014 465 1078 detestanda
481 1013 674 1095 Hinguaris
690 1012 908 1089 etHaldene‚
925 1015 1077 1095 quicum

131 1113 255 1194 viginti
284 1114 394 1177 tribus
425 1114 571 1177 navibus
597 1133 642 1176 ex
659 1112 841 1176 Demetica
866 1113 1018 1193 regione,
1041 1114 1077 1177 in

129 1230 199 1293 qna
220 1212 480 1295 hyemaverant‚
507 1213 637 1294 egressi
661 1219 701 1274 ut
726 1211 799 1293 lupi
826 1230 969 1293 rapaces
997 1221 1076 1294 post

130 1311 258 1374 multas
285 1312 411 1375 ibidem
434 1317 569 1392 strages
588 1312 717 1387 illatas,
734 1318 815 1392 post
839 1310 1073 1375 coenobiorum

129 1411 396 1488 combustiones,
429 1411 472 1474 ad
511 1411 702 1473 Devoniam
742 1410 972 1490 navigarunt3
1005 1431 1075 1491 quo

128 1507 165 1570 in
189 1508 265 1573 loco
288 1511 332 1573 ab
355 1511 511 1574 exercitu
539 1511 632 1591 regis
646 1507 779 1572 Alsredi
805 1509 894 1572 idem
911 1508 1076 1591 Hinguar

130 1626 209 1670 oum
236 1608 369 1672 Hubba
394 1616 430 1674 et
454 1609 615 1673 Haldene
641 1616 676 1672 et
689 1608 773 1672 viris
798 1608 891 1670 mille
916 1608 1075 1672 ducentis

128 1709 298 1790 perempti
323 1717 406 1773 sunt
422 1715 503 1772 ante
522 1728 636 1773 arcem
651 1701 840 1784 ¹Kiuwith,
854 1708 971 1790 ibique
998 1727 1076 1772 san-

129 1806 268 1888 guinem
285 1809 379 1872 beati
403 1809 495 1889 regis
518 1816 553 1871 et
569 1808 731 1889 martyris
754 1806 961 1885 Eadmundi,
974 1828 1075 1889 quem

130 1905 321 1971 effuderant
334 1906 491 1990 praedicti
506 1908 702 1989 iniquitatis
716 1906 875 1983 ministri,
889 1905 1076 1972 Christiani

130 2002 265 2068 Alfredi
301 2007 392 2088 regis
429 2006 554 2069 milites
584 2006 824 2084 vindicaruut;
861 2005 921 2068 sed
962 2014 1076 2070 tamen

130 2105 283 2167 maxima
301 2124 383 2186 pars
406 2124 525 2168 eorum
541 2125 602 2187 per
619 2104 737 2186 sugam
760 2104 868 2186 elapsi
887 2105 929 2167 ad
949 2104 1077 2187 Gytro-

129 2222 207 2266 nem
246 2223 361 2285 regem
396 2223 611 2286 paganorum
643 2224 720 2268 sese
750 2203 982 2280 contulerunt,
1017 2206 1077 2285 qui

130 2301 232 2365 simul
252 2302 395 2385 junctis
409 2305 540 2367 viribus
569 2301 781 2384 conglobati,
804 2322 937 2365 omnem
958 2302 1076 2367 West·

130 2402 310 2465 saxoniam
328 2422 350 2465 a
367 2403 454 2467 mari
476 2422 586 2486 usqne
605 2403 649 2465 ad
667 2422 761 2466 marc
777 2402 1028 2484 depopulantes
1043 2412 1078 2468 et

130 2510 258 2566 terram
285 2502 379 2565 illam
402 2503 504 2584 quasi
528 2502 673 2566 locustae
699 2502 907 2585 operienteS,
930 2504 1078 2585 petriam

130 2608 251 2677 totam,
277 2620 355 2664 cum
382 2621 451 2665 non
475 2610 591 2665 essent
613 2602 821 2678 defensores,
841 2602 979 2667 sibimet
996 2604 1076 2666 sub·

131 2699 303 2764 diderunt.
356 2701 398 2764 ln
420 2701 486 2765 hoc
504 2721 642 2783 qnoque
667 2700 916 2783 persecutionis
940 2703 1078 2766 turbine

131 2801 312 2864 constituti
329 2801 446 2865 fideles
461 2800 590 2864 Christi
608 2801 772 2883 episcopi,
783 2819 860 2863 cum
878 2811 1077 2864 sanctorum

130 2898 285 2981 reliquiis
307 2908 342 2964 et
358 2901 580 2963 ecclesiarum
598 2900 783 2976 thesauris,
801 2900 1006 2982 populisque
1023 2921 1078 2963 re-

131 2998 257 3079 gionis,
281 3007 377 3062 trans
401 3018 495 3062 mare
517 2999 692 3081 sugerunt,
716 3005 752 3062 et
775 3018 855 3081 pars
881 3018 997 3079 regem
1014 2996 1078 3061 Al·

130 3096 260 3160 frednm
285 3105 407 3162 secuta
430 3098 466 3160 in
489 3099 586 3163 silvis
613 3098 767 3179 locisque
791 3097 937 3161 desertis
960 3099 995 3160 in
1018 3097 1078 3161 illo

130 3216 169 3261 se
193 3197 312 3261 mortis
337 3197 533 3261 discrimine
558 3198 820 3261 absconderunt.
873 3195 923 3261 At
937 3217 999 3261 rex
1016 3196 1079 3261 Al-

129 3296 246 3360 sredus
261 3304 376 3359 tactus
393 3296 512 3360 dolore
529 3298 641 3360 cordis
658 3296 875 3373 intrinsecus,
897 3297 979 3378 quid
996 3317 1079 3378 age-

130 3403 195 3472 ret,
212 3416 281 3478 quo
306 3415 345 3459 se
360 3404 522 3473 verteret,
546 3397 741 3478 ignorabat,
763 3404 996 3477 occupaverat
1016 3417 1078 3459 rex

128 3495 268 3576 iniquus
295 3494 409 3578 Gytro
435 3496 514 3559 loca
541 3515 688 3577 quaeque
711 3495 866 3574 munita;
898 3495 988 3558 unde
1015 3480 1096 3559 reu⁴

128 3591 294 3657 Aliredus
319 3613 416 3677 spem
443 3596 523 3659 boui
547 3595 696 3658 melioris
719 3615 789 3658 non
815 3594 958 3671 habens,
974 3595 1079 3658 cessit

128 3693 172 3755 ad
198 3713 364 3775 praesens‚
381 3702 420 3758 nt
443 3714 545 3777 quem
572 3714 626 3757 res
650 3694 782 3758 exitum
808 3693 898 3759 foret
917 3694 1080 3758 habitura

125 3793 300 3873 probaret.

164 3957 336 4024 ¹Kr'nwitb.]
365 3962 406 4009 On
430 3963 471 4011 the
495 3962 593 4022 margin
619 3957 694 4008 sred's
713 3961 850 4009 adventure
868 3962 930 4009 with
949 3961 991 4009 the
1014 3977 1081 4009 cow-

125 4026 263 4092 ‘Kinwiq’
285 4045 301 4079 u
324 4030 427 4081 iortress
446 4034 471 4080 iu
491 4031 594 4079 Devon·
618 4026 702 4079 herd's
724 4031 792 4080 wile.
828 4030 864 4078 At
885 4031 936 4079 this
958 4031 1036 4079 battle
1061 4031 1081 4077 it

127 4098 212 4158 shire;
237 4115 280 4149 see
299 4100 423 4162 camden,
445 4102 462 4149 i.
486 4117 511 4161 p.
535 4104 591 4149 lot.
618 4115 672 4148 was
695 4099 750 4147 that
772 4100 814 4148 the
837 4100 957 4148 standard
985 4099 1013 4147 oi
1037 4098 1080 4146 the

126 4168 189 4217 This
199 4170 285 4218 deleat
304 4171 327 4218 is
343 4171 485 4220 mentioned
505 4171 535 4230 by
549 4171 592 4218 the
619 4171 715 4230 lienes,
725 4171 808 4219 called
819 4170 924 4231 licaien,
933 4184 987 4217 was
995 4168 1079 4217 allen.

125 4238 185 4290 Sex.
198 4239 290 4290 Chron.
304 4241 353 4289 oud
366 4242 444 4290 Asuor
455 4240 520 4289 alter
532 4241 592 4288 Ael-
