2932 4980
321 461 387 526 146
573 473 707 523 nocam
733 473 780 519 on
804 471 1013 521 wannovnn

326 640 458 715 martyr
475 632 542 695 Dei
566 631 751 711 gloriosus,
769 648 848 693 cum
875 630 920 692 ab
948 629 1059 694 amico
1088 629 1182 694 sicut
1204 629 1287 695 Sal-

328 741 430 799 vator
455 751 477 794 a
498 730 668 812 discipulo
683 729 892 805 traderetur,
909 748 972 811 pro
990 730 1105 812 patria
1121 737 1157 793 et
1179 739 1289 811 gente

330 833 469 915 propria
485 849 561 894 sese
582 830 684 894 morti
703 829 841 906 obtulit,
859 829 1056 893 memoriter
1070 828 1114 892 ad
1130 838 1287 894 mentem

331 931 497 995 reducens
522 930 730 993 sententiam
754 929 959 1006 Salvatoris,
986 927 1046 1012 qui
1067 927 1165 1004 dicit,
1180 935 1190 962 ‘
1204 929 1289 993 Ma-

330 1031 443 1114 jorem
468 1030 648 1093 caritatem
673 1047 779 1091 nemo·
805 1027 922 1104 habet,
948 1046 1053 1110 quam
1073 1035 1114 1091 ut
1133 1031 1289 1092 animam

333 1148 431 1194 suam
455 1136 565 1212 ponat
581 1129 658 1209 quis
679 1147 743 1210 pro
766 1128 886 1191 amicis
906 1126 1012 1206 suis3'
1034 1126 1126 1191 unde
1142 1126 1289 1191 dubium

335 1236 486 1304 nonest,
503 1229 586 1311 quin
608 1229 699 1291 bona
716 1227 791 1291 vita
813 1227 918 1290 talem
935 1226 1035 1290 finem
1056 1229 1292 1309 praecesserit,

335 1329 509 1410 praecipue
536 1346 613 1391 cum
643 1346 744 1390 nemo
768 1333 908 1408 repente
933 1325 1104 1389 efficiatur.
1120 1346 1291 1391 summus.

205 1457 236 1487 n
337 1427 423 1492 Erat
440 1428 531 1491 cuim
549 1447 571 1490 a
584 1427 750 1509 primaeva
767 1432 884 1503 aetate,
900 1432 940 1489 ut
961 1426 1121 1508 superius
1131 1427 1290 1517 'relatum
1342 1488 1350 1503 ,

241 1522 249 1536 ’
337 1536 402 1605 est,
435 1525 642 1590 Christianae
674 1525 853 1607 religionis
887 1524 1001 1591 cultor
1032 1526 1291 1604 veracissimus,

337 1634 473 1690 statura
495 1645 670 1707 procerus,
687 1625 816 1690 virtute
840 1632 1015 1702 strenuus,
1032 1625 1133 1689 vultu
1156 1626 1292 1708 augeli-

339 1745 413 1802 cus,
433 1725 544 1789 civilis
558 1726 724 1800 moribus,
746 1724 890 1790 consilio
911 1743 1071 1806 magnuS,
1085 1724 1212 1789 affectu
1230 1725 1290 1809 jo·

339 1824 485 1901 candus,
501 1843 606 1888 manu
623 1825 754 1905 largus,
775 1825 812 1887 in
833 1842 955 1888 mensa
967 1822 1117 1901 sobrius,
1139 1824 1177 1887 in
1198 1824 1293 1889 lecto

340 1924 499 2007 pudicus,
515 1923 662 1988 affabilis
685 1925 856 2001 omnibus,
872 1923 1088 2006 experientia
1101 1923 1291 2006 piissimus,

340 2032 445 2108 atque
467 2025 557 2088 inter
578 2042 747 2106 pauperes
769 2031 806 2088 ct
826 2023 952 2088 divites
974 2023 1062 2088 adeo
1082 2023 1232 2101 medius,
1254 2032 1294 2088 ut

341 2143 510 2205 pauperes
537 2123 636 2186 illum
662 2123 764 2205 quasi
789 2143 908 2206 parem
942 2123 1148 2205 aspicerent,
1175 2142 1218 2187 ac
1240 2124 1293 2188 di·

341 2223 430 2286 vites
447 2229 487 2285 ut
508 2222 683 2286 dominum
701 2228 737 2286 et
749 2223 961 2305 superiorem
987 2221 1177 2302 haberent3
1202 2223 1295 2288 unde

341 2322 499 2402 contigit,
524 2329 564 2385 ut
585 2323 629 2386 ob
655 2321 783 2402 regalis
804 2322 911 2386 animi
933 2321 1147 2399 civilitatem,
1173 2342 1295 2388 omnes

342 2420 387 2484 ad
401 2421 499 2483 illum
513 2428 755 2485 concurrerent
769 2440 810 2485 ac
823 2420 1019 2502 diligerent,
1032 2429 1073 2486 ut
1084 2421 1184 2504 regio
1194 2422 1295 2487 sche-

344 2527 437 2582 mate
457 2520 595 2598 eruditi,
618 2521 654 2582 in
678 2520 831 2583 faciebus
854 2521 1001 2585 aliorum
1033 2520 1207 2586 doctiores
1233 2542 1296 2606 ap-

345 2625 518 2699 parerent.
580 2620 635 2688 Dc
664 2619 858 2684 humilitate
891 2639 1029 2704 quoque
1055 2621 1180 2703 ipsius,
1212 2640 1293 2703 quie

344 2724 462 2780 custos
478 2717 646 2782 vimutum
668 2719 806 2796 dicitur,
828 2739 898 2783 uon
923 2727 977 2783 est
997 2720 1196 2798 tacendum,
1211 2721 1296 2803 quia

345 2816 563 2881 universitati
586 2836 659 2880 suae
680 2819 894 2903 posteritatis
914 2819 1135 2902 potissimum
1153 2818 1296 2902 reliquit

344 2917 563 3000 exemplum3
587 2917 779 2981 donaverat
793 2937 943 3000 namque
960 2912 1112 2983 ¹Aidano
1129 2920 1295 3003 episcopo

345 3035 469 3098 equum
494 3016 684 3097 pretiosum
700 3023 736 3079 et
750 3017 930 3098 optimum,
948 3017 983 3079 in
999 3036 1069 3099 quo
1084 3018 1156 3094 ille,
1170 3038 1295 3101 quam-

345 3115 398 3177 vis
423 3116 528 3196 pedes
550 3115 708 3179 incedere
737 3114 872 3192 solitus,
898 3116 954 3179 vel
985 3117 1137 3180 amnium
1164 3117 1298 3183 fluenta

345 3215 504 3291 transire,
528 3213 583 3277 vel
609 3215 702 3277 viam
729 3215 934 3279 necessitate
959 3223 1106 3298 cogente
1131 3217 1298 3301 expedire

344 3321 473 3395 posset.
528 3313 602 3377 Nec
627 3300 739 3378 'multo
768 3321 859 3395 post,
884 3334 962 3378 cum
994 3335 1127 3398 pauper
1153 3317 1295 3399 quidam

344 3413 508 3495 episcopo
534 3420 730 3477 occurreret
757 3413 1009 3497 eleemosynam
1039 3423 1175 3497 petens,
1206 3416 1297 3481 desi·

343 3510 431 3574 lions
450 3513 508 3576 ille
530 3512 696 3595 praecepit
718 3531 856 3594 equum,
873 3522 912 3578 ut
931 3522 1008 3577 crat
1024 3514 1190 3596 regaliter
1206 3525 1298 3581 stra·

344 3619 413 3686 tus,
429 3613 573 3693 pauperi
590 3611 685 3690 dari;
709 3619 783 3676 erat
801 3613 892 3675 enim
906 3613 1019 3677 cultor
1031 3632 1240 3697 pauperum,
1256 3634 1297 3680 ac

345 3708 440 3771 velut
457 3717 556 3791 pater
581 3710 805 3789 miserorum3
833 3711 898 3776 hoc
922 3732 1000 3776 curn
1028 3713 1104 3794 regi
1126 3722 1223 3779 esset
1244 3734 1298 3779 re-

343 3806 465 3882 latum,
498 3806 634 3872 dicebat
665 3811 839 3893 episcopo,
864 3811 1036 3896 ‘thuid,
1063 3811 1204 3877 domiue
1237 3814 1297 3891 mi,

343 3922 469 3985 equum
494 3906 638 3986 regium,
664 3929 766 3990 quem
794 3919 829 3974 te
859 3911 1089 3977 conveniebat
1115 3915 1299 3996 proprium

343 4003 481 4082 habere,
496 4009 639 4089 pauperi
658 4007 739 4071 dare
758 4009 926 4075 voluistil
985 4010 1168 4093 Numquid
1193 4011 1301 4101 [non]

393 4249 529 4323 Miliaria]
547 4255 598 4304 His
609 4255 653 4305 lise
665 4256 687 4304 is
699 4256 800 4318 printed
812 4256 839 4304 iu
850 4258 893 4307 the
906 4257 975 4308 Nor.
987 4257 1104 4321 Legend.
1115 4260 1161 4313 fol.
1172 4265 1211 4318 iv.
1223 4266 1252 4319 b.
