3000 5004
350 482 395 548 68
603 499 737 546 aocnnr
762 500 810 546 nn
832 471 1039 548 nannovna

353 665 418 735 est,
435 657 509 721 sine
525 656 651 739 capite,
667 654 782 719 nullus
802 655 892 719 enim
909 654 1002 720 illins
1019 654 1161 719 haeresis
1183 664 1305 720 auctor

354 759 534 840 reperitur.
587 755 638 818 Hi
664 755 768 818 trium
789 755 1019 837 capitulorum
1043 753 1303 820 Chalcedonen-

354 859 403 920 sis
429 857 566 920 concilii
590 863 671 918 sunt
687 863 950 937 repugnatores
972 854 1119 918 duarum
1141 856 1305 919 substan·

354 958 479 1021 tiarum
497 958 533 1020 in
552 954 692 1019 Christo
717 955 963 1036 proprietatem
990 962 1132 1036 negant,
1147 963 1183 1019 et
1200 974 1304 1019 unam

354 1057 389 1119 in
416 1058 491 1141 ejus
511 1073 659 1138 persona
674 1062 833 1118 naturam
853 1053 1056 1136 praedicant.
1108 1052 1305 1119 Adstruunt

354 1157 444 1221 enim
469 1155 617 1219 Paulum
643 1152 840 1237 apostolum
866 1155 902 1216 in
928 1155 1000 1216 suis
1033 1153 1190 1236 epistolis
1215 1174 1305 1236 praea

354 1257 487 1339 cepisse
508 1254 669 1318 foeminas
694 1254 817 1317 debere
842 1252 916 1316 fieri
939 1252 1116 1329 diaconas,
1140 1253 1222 1334 qnia
1244 1273 1304 1316 eas

353 1362 597 1420 commemorat
612 1361 691 1437 post
707 1353 883 1417 diaconos.
1167 1343 1174 1354 ’

628 1551 831 1616 Joointmns
846 1549 1025 1636 imperator.

191 1723 302 1784 anan.
405 1701 509 1767 Anno
526 1701 649 1783 gratiae
675 1717 824 1763 nxxvn.
839 1693 1078 1764 ¹Justinianus
1105 1701 1303 1766 Romanum

191 1774 301 1873 iffi?
354 1803 545 1884 suscipiens
571 1801 750 1882 imperinm
782 1801 882 1863 annis
913 1801 1058 1881 triginta
1087 1809 1167 1865 octo
1193 1803 1301 1884 impe-

354 1903 456 1966 ravit.
508 1900 639 1964 Eodem
662 1919 754 1963 anno
775 1906 945 1963 venerunt
966 1900 1009 1963 de
1032 1899 1221 1966 Germania
1242 1921 1304 1984 pa-

354 2002 436 2083 gani
452 2009 487 2065 et
505 2007 719 2082 occuparunt
735 1999 981 2081 Est-angliam,
996 1999 1030 2062 id
1045 2009 1110 2077 est,
1126 2003 1302 2082 regionem

352 2100 447 2164 illam
474 2121 551 2182 quae
579 2098 797 2164 orientalium
824 2097 1019 2180 Anglorum
1045 2100 1141 2182 regio
1164 2101 1301 2177 dicitur,

353 2220 500 2282 quorum
522 2200 662 2282 quidam
681 2198 849 2263 Marciam
870 2199 1086 2275 invadentes,
1111 2201 1203 2264 bella
1224 2221 1301 2264 cum

354 2299 555 2365 Britonibus
582 2300 731 2382 plurima
761 2306 994 2380 peregerunt3
1028 2299 1101 2375 sed,
1139 2302 1302 2383 qnoniam

352 2419 512 2482 proceres
552 2419 671 2462 eorum
708 2398 809 2462 multi
850 2405 961 2475 erant,
1000 2399 1137 2462 nominc
1174 2408 1301 2464 carent.

190 2516 236 2605 {a
265 2516 333 2607 ⁰3⁰¹
355 2499 485 2564 Eodem
527 2518 632 2575 anno,
671 2517 814 2580 regnum
852 2497 1070 2562 orientalium
1112 2498 1303 2576 Saxonum,

193 2579 446 2681 odrouurquuod
471 2598 573 2662 modo
590 2598 756 2661 Estsaxia
779 2597 918 2674 dicitur,
944 2597 1111 2679 originem
1133 2601 1302 2683 sumpsit;

355 2698 446 2778 quod
457 2698 599 2780 primus,
609 2704 765 2778 putatur,
778 2698 890 2761 tenuit
902 2690 1158 2776 ²ErkcnwinuS,
1168 2700 1228 2782 qui
1238 2698 1304 2762 fuit

354 2796 446 2860 filius
474 2796 573 2871 Offae,
597 2797 656 2880 qui
677 2796 744 2861 fuit
765 2796 934 2875 Diedcan,
958 2797 1018 2879 qui
1040 2796 1107 2861 fuit
1132 2798 1301 2882 Sigeuulf,

355 2897 415 2979 qui
441 2897 507 2961 fuit
529 2895 709 2975 Susannae,
733 2897 793 2979 qni
813 2896 880 2959 fuit
904 2896 1032 2973 Gesac5
1058 2899 1117 2979 qui
1141 2898 1207 2964 fuit
1229 2897 1303 2963 An-

354 2995 466 3074 dessc,
485 2997 544 3078 qui
561 2996 629 3060 fuit
644 2996 795 3060 Nascad.

404 3095 509 3160 Anno
537 3098 660 3178 gratiae
687 3112 851 3159 nxxvrrr.
878 3094 1015 3159 Certich
1047 3102 1082 3160 et
1106 3094 1198 3158 filius
1225 3094 1302 3180 ejus

353 3194 509 3273 Kineric‚
520 3196 739 3277 congregatis
752 3195 951 3276 ingentibus
966 3203 1177 3259 armatorum
1193 3197 1303 3278 copiis

352 3296 445 3377 apud
469 3296 617 3362 Vectem
645 3295 807 3371 insulam,
832 3302 984 3376 stragem
1010 3313 1171 3376 magnam
1192 3295 1302 3359 homi-

387 3609 604 3682 mesanam]
630 3613 672 3663 He
691 3627 746 3661 was
770 3613 812 3662 the
837 3614 964 3675 observes,
991 3613 1101 3662 because
1122 3613 1154 3663 he
1176 3614 1236 3663 held
1260 3615 1303 3664 the

352 3683 406 3731 flrst
424 3697 537 3743 emperor
547 3682 606 3732 who
624 3682 755 3731 exercised
771 3683 813 3732 the
838 3683 959 3745 kingdom
971 3697 1000 3732 as
1011 3683 1115 3744 feodary
1126 3689 1152 3733 to
1163 3684 1205 3732 the
1224 3684 1303 3747 iringo

351 3750 419 3812 right
438 3752 467 3800 os
480 3753 626 3813 confirming
643 3751 685 3801 the
707 3751 814 3801 election
838 3752 867 3801 os
885 3754 960 3802 Kent.
998 3752 1158 3814 Malmshnry
1169 3754 1232 3803 calls
1248 3754 1301 3803 him

351 3820 381 3868 of
393 3820 435 3869 the
452 3836 527 3881 pope.
570 3821 613 3871 He
630 3821 690 3871 died
709 3825 740 3869 14
760 3822 815 3871 Νο-
839 3822 881 3871 the
894 3822 963 3872 tenth
974 3824 1001 3872 in
1012 3823 1116 3872 descent
1123 3823 1185 3872 from
1194 3824 1302 3886 Woden,

351 3890 453 3939 vemher
463 3895 521 3940 565.
839 3892 923 3942 which
936 3895 958 3941 is
969 3893 1028 3942 thus
1035 3894 1122 3942 traced
1131 3895 1164 3955 hy
1172 3893 1302 3956 Hunting-

387 3955 599 4022 ’Erkeuwtmfl
629 3959 765 4022 according
789 3966 815 4010 to
839 3962 1166 4025 don:‘Erhenwinns,qui
1180 3964 1303 4013 suitfilius

352 4029 482 4090 Florence,
503 4031 664 4080 Aescwinns.
725 4029 816 4092 Hem-y
839 4031 916 4093 Offae,
933 4034 978 4095 qui
996 4033 1045 4081 fuit
1057 4034 1181 4095 Biedcan,
1196 4035 1241 4095 qui
1253 4033 1304 4083 fuit

352 4099 519 4163 Hnntingdon
537 4101 660 4150 mentions
675 4100 770 4150 Sledda
786 4115 815 4150 ss
839 4102 965 4163 Sigensis,
984 4103 1029 4164 qui
1052 4102 1101 4152 fnit
1116 4104 1233 4164 Spoewe,
1256 4104 1302 4164 qui

350 4170 393 4219 the
405 4173 458 4220 first
470 4170 532 4234 king
542 4171 571 4220 os
578 4170 620 4219 the
633 4171 696 4220 East
707 4172 814 4231 Saxone,
839 4170 887 4220 tuit
899 4171 993 4232 Gesac,
1003 4173 1048 4233 qui
1065 4172 1115 4221 tuit
1125 4173 1238 4229 Ardeae,
1257 4174 1302 4235 qui

350 4242 465 4303 omitting
489 4242 665 4304 Erchenwine,
683 4255 713 4290 ss
730 4242 814 4303 Speed
838 4241 888 4290 fnit
898 4242 1003 4303 saxnat,
1015 4243 1059 4303 qui
1071 4242 1120 4291 fuit
1133 4239 1249 4293 Woden.’
