3000 5004
529 485 701 532 cananea.
1017 491 1091 535 XXV

141 648 179 703 ut
209 641 437 721 proditionem
468 640 594 703 saetam
625 643 689 703 sub
718 642 970 724 lachrymarum
997 644 1212 707 vela-anns.

140 740 230 801 mine
258 740 431 821 palliaret.
483 739 532 802 At
559 740 802 821 vortigernus,
837 741 968 805 civibus
998 742 1089 807 Lon·

138 839 373 915 deniensibuS,
395 847 434 902 ut
451 838 525 902 haec
545 839 754 916 acciderant,
778 841 990 918 convocatis,
1011 841 1090 905 Pic-

140 950 194 1002 tos
220 939 299 1001 illos
325 938 433 1021 jussit
463 937 639 1015 decollari,
666 947 705 1002 ut
731 941 905 1021 propriam
935 940 1089 1006 fraudem

140 1040 184 1102 ab
214 1037 279 1101 hoc
312 1037 440 1101 scelere
473 1037 630 1101 redderet
657 1048 869 1102 excusatam.
921 1039 1089 1117 Tandem,

141 1157 217 1200 cum
238 1137 406 1199 neminem
425 1137 491 1199 sibi
514 1156 632 1218 parem
650 1136 685 1199 in
712 1158 818 1218 regno
839 1141 1089 1221 conspexisset,

141 1237 306 1316 imposuit
327 1237 432 1317 capiti
456 1255 520 1298 suo
548 1255 711 1299 coronam
737 1237 942 1313 Britanniae,
969 1248 1004 1301 et
1030 1259 1088 1301 su·

141 1354 342 1416 pergressus
373 1342 427 1397 est
457 1335 629 1416 principes
659 1336 848 1398 universos.
917 1337 1089 1400 Sublima·

142 1445 199 1497 tus
213 1454 308 1523 ergo,
331 1435 438 1515 coepit
453 1435 488 1496 in
513 1453 554 1497 eo
575 1453 728 1497 crescere
752 1435 902 1497 omnium
922 1435 995 1498 lues
1014 1455 1089 1499 sce·

141 1533 260 1608 lerum,
293 1533 479 1597 crudelitas
508 1534 680 1615 praecipoe
713 1541 748 1596 et
777 1533 892 1597 odium
922 1535 1089 1611 veritatis,

142 1640 361 1714 contemptus
392 1632 471 1708 Dei,
498 1651 593 1695 amor
618 1632 799 1709 mendacii,
828 1634 988 1709 ebrietas,
1015 1635 1089 1696 ani-

142 1732 296 1808 mositas,
309 1731 470 1812 litigium,
486 1731 673 1805 contentia,
688 1731 847 1813 perditio,
862 1732 950 1795 livor
964 1735 1089 1796 anxius

140 1838 175 1893 et
192 1832 308 1907 luxus,
331 1850 409 1894 eum
423 1831 557 1893 caeteris
570 1830 722 1910 flagitiis,
741 1831 827 1894 adeo
844 1833 981 1913 quidem
997 1833 1090 1914 quod

142 1951 204 1994 nec
221 1951 327 1993 unum
352 1950 397 1992 ex
420 1929 577 1992 omnibus
600 1929 665 1991 sibi
688 1930 839 1992 creditur
860 1930 1019 2007 defuisse,
1043 1941 1090 2008 et,

142 2030 233 2111 quod
255 2030 406 2092 maxime
430 2028 603 2092 honestati
627 2029 837 2092 contrarium
864 2039 928 2106 est,
959 2031 1089 2093 nobiles

141 2131 335 2212 deprimens
358 2136 393 2191 et
418 2128 553 2191 infimos
576 2127 760 2204 extollens,
782 2128 859 2191 Deo
883 2138 918 2192 et
943 2128 1090 2192 homini·

142 2231 205 2292 bus
221 2227 367 2292 efficitur
382 2227 538 2318 odiosus,

210 2409 218 2436 ⁴
241 2401 282 2464 Ut
295 2409 419 2464 sanctae
437 2400 611 2464 Germanus
626 2401 660 2464 ia
677 2400 886 2464 Britanniam
902 2401 1021 2464 veniam

351 2498 562 2583 Pelopi-auom
578 2498 714 2563 haeresim
729 2500 882 2563 deleverit.

188 2622 310 2686 ‘Anno
326 2623 449 2704 gratiae
460 2639 651 2686 ccccxcvi.
665 2624 805 2687 baeresis
816 2623 1020 2705 Pelagiana,
1031 2645 1093 2707 per
1104 2649 1213 2688 rnna

144 2721 344 2804 Agricolam
368 2721 503 2803 Pelagii
527 2723 733 2804 discipulum
755 2723 865 2798 urata,
889 2724 990 2787 fidem
1014 2699 1234 2795 uri-attilii

144 2831 264 2886 tonum
282 2820 376 2884 foeda
398 2830 495 2901 peste
514 2823 711 2885 maculavit.
765 2822 896 2885 Verum
920 2824 1092 2900 Britanni,
1103 2799 1252 2838 ⁸'G‘mmu''

144 2941 221 2984 cum
242 2940 353 3002 neque
372 2921 546 3002 suscipere
567 2920 690 3002 dogma
712 2941 924 3003 perversum,
943 2924 1091 3004 gratiam

145 3020 276 3085 Christi
303 3018 584 3101 blasphemando,
611 3021 784 3083 ullatenus
807 3021 948 3097 vellent,
982 3041 1092 3102 neque

144 3120 332 3183 versutiam
365 3116 504 3182 nesariae
534 3120 768 3201 persuasionis
800 3118 949 3182 refutare
977 3121 1091 3182 verbis

144 3217 308 3284 certando
343 3215 550 3294 sufficerent,
588 3219 769 3281 inveniunt
803 3218 941 3280 salubre
977 3219 1089 3280 consi-

145 3320 240 3393 lium,
256 3324 296 3379 ut
309 3337 331 3379 a
347 3315 538 3380 Gallicanis
555 3318 725 3398 episcopis
744 3316 909 3379 auxilium
928 3316 1006 3378 belli
1020 3317 1090 3397 spi-

146 3417 280 3481 ritualis
302 3417 489 3498 inquirant.
543 3415 772 3493 Quamobrem
797 3414 942 3478 collecta
965 3414 1090 3477 ibidem

145 3535 272 3598 magna
290 3514 434 3598 syuodo,
452 3517 670 3597 quaerebatnr
685 3515 720 3577 in
738 3533 917 3577 commune
935 3514 994 3595 qui
1010 3514 1091 3578 illuc

145 3618 180 3679 in
202 3634 402 3679 succursum
418 3615 497 3678 fidei
518 3615 608 3678 mitti
624 3614 799 3690 deberent,
814 3621 920 3695 atque
937 3614 1090 3677 omnium

139 3716 272 3798 judicio
286 3714 504 3794 eligebantur
522 3714 702 3796 apostolici
718 3714 925 3789 sacerdotes
945 3714 1090 3777 Germa·

145 3835 210 3878 nus
228 3814 523 3878 Autisiodorensis
539 3821 574 3876 et
591 3814 710 3896 Lupus
725 3813 923 3877 Trecasinae
939 3813 1091 3877 civitatis

145 3914 309 3997 episcopi,
328 3913 386 3994 qui
411 3911 454 3976 ad
475 3913 740 3976 confirmandam
765 3913 864 3976 fidem
892 3913 1092 3975 Britannias

145 4015 321 4090 venirent3
348 4013 419 4093 qui,
435 4031 510 4073 cum
534 4021 695 4094 prompta
718 4013 900 4076 devotione
922 4031 1040 4093 preces
1057 4018 1093 4074 et

140 4114 243 4197 jussa
259 4119 390 4175 sanctae
406 4112 559 4175 ecclesiae
582 4113 828 4193 suscepissent,
846 4113 978 4173 intrant
993 4129 1092 4172 ocea-

145 4233 239 4290 num,
266 4221 312 4287 et,
342 4212 424 4275 licet
451 4231 528 4275 cum
558 4211 687 4287 labore,
714 4211 850 4274 tandem
877 4208 1030 4273 decursis
1058 4210 1093 4272 in
