3000 5004
474 455 613 505 neonus
638 458 906 508 ιιιιιοιιιιιιιιιι.
1119 444 1163 507 55

211 610 312 688 tasio,
332 612 369 675 in
385 613 466 677 sede
482 614 674 696 apostolica
696 616 764 679 duo
787 624 1044 694 consecrentur,
1059 617 1161 700 Sym·

209 710 353 774 machus
385 713 546 778 videlicet
579 721 684 796 atque
720 715 938 780 Laurentius.
1005 716 1051 780 Et
1081 736 1159 781 cum

208 810 288 874 inde
306 831 434 892 magua
453 811 623 877 dissensio
647 814 770 878 Romae
795 814 992 892 haberetur,
1006 816 1160 881 decrevit

208 917 351 974 senatus
376 911 556 975 Romanus
577 920 618 977 ut
642 915 744 977 ambo
765 922 950 997 pergerent
975 915 1019 978 ad
1042 935 1158 998 regem

210 1007 325 1073 Italiae
347 1009 623 1089 Theodericum
646 1012 838 1094 quodcum
866 1012 996 1078 sactum
1021 1012 1157 1092 suisset,

209 1107 422 1190 adjudicavit
444 1129 519 1187 rex,
543 1118 582 1173 ut
608 1112 668 1193 qui
692 1112 787 1192 prius
810 1111 877 1175 fuit
904 1114 1096 1191 ordinatus,
1120 1121 1156 1176 et

207 1207 264 1269 cui
287 1208 400 1290 maj0r
422 1228 504 1291 pars
532 1210 651 1291 populi
673 1209 818 1287 faveret,
844 1211 961 1274 sedern
989 1212 1156 1292 apostoli·

207 1324 282 1368 cam
303 1306 486 1371 obtineret.
537 1307 638 1371 Tunc
660 1308 898 1391 Symmachus,
915 1310 951 1372 in
973 1308 1055 1373 sede
1074 1328 1151 1374 con-

207 1404 377 1483 firmatus,
396 1406 620 1470 Laurentium
640 1409 677 1470 in
696 1408 836 1471 Miceua
855 1408 1000 1472 ecclesia
1021 1409 1154 1490 episco-

208 1523 290 1586 pum
315 1506 512 1584 ordinavit3
540 1506 600 1570 sed
625 1514 705 1588 post
733 1526 843 1570 annos
873 1515 943 1571 tres
969 1515 1155 1571 accusatus

208 1611 261 1667 est
276 1604 515 1687 Symmachus,
532 1613 568 1669 et
583 1605 791 1670 Laurentius
807 1614 1002 1672 revocatus.
1054 1606 1154 1670 Tunc
1249 1669 1260 1684 ,

207 1701 446 1785 Symmachus,
468 1704 600 1787 synodo
622 1713 832 1789 congregate
851 1714 988 1770 centum
1005 1713 1042 1770 et
1054 1706 1155 1788 quin-

205 1801 314 1866 decim
331 1804 583 1885 episcoporum,
597 1823 619 1867 a
640 1805 781 1869 crimine
797 1806 862 1869 sibi
880 1806 1016 1888 objecto
1039 1824 1154 1868 coram

206 1903 365 1965 omnihus
391 1922 429 1965 se
454 1903 640 1984 purgavit;
669 1911 704 1967 et
726 1911 808 1967 tunc
830 1905 955 1968 iterum
978 1904 1154 1986 projectus

205 2007 259 2064 est
273 2001 482 2067 Laurentius
497 2009 532 2066 et
548 1995 792 2085 ¹Symmaohus
808 2011 966 2067 vocatus.

464 2174 505 2237 N
501 2182 552 2237 otc
565 2194 676 2238 aevom
689 2174 904 2258 miecopattoo.

257 2296 360 2361 Anno
373 2299 496 2378 gratiae
512 2313 547 2361 n.
563 2296 772 2372 Clodoveus,
787 2315 850 2359 rex
864 2296 1089 2370 Francorum,
1099 2314 1155 2358 eo-
1166 2314 1221 2354 nn
1231 2317 1276 2354 ιω

204 2397 318 2460 clesiae
336 2396 501 2460 Remensi
531 2396 641 2459 multa
663 2395 794 2477 praedia
825 2395 984 2459 contulit.
1036 2393 1154 2458 Remi·
1165 2363 1252 2454 dudd
1244 2365 1285 2454 1⁰¹

206 2497 297 2577 gius,
325 2496 437 2560 multa
458 2515 578 2559 earum
603 2501 702 2577 perte
731 2495 814 2559 data
833 2495 987 2558 ecclesiae
1013 2492 1154 2557 Laudu-

205 2596 315 2672 nensi,
330 2595 447 2659 sedem
461 2595 683 2678 episcopatus
700 2594 747 2657 ihi
761 2613 838 2658 esse
855 2594 1049 2659 constituit.

514 2767 603 2833 Unde
616 2763 856 2833 Parthenone.

256 2892 360 2957 Anno
377 2893 501 2975 gratiae
521 2908 572 2956 nl.
593 2890 680 2955 Port
702 2900 737 2956 et
759 2891 828 2955 duo
849 2891 911 2953 filii
931 2889 1019 2973 ejus,
1043 2889 1221 2954 alenam
1230 2909 1276 2948 ιιι.

205 2999 240 3056 et
264 2993 399 3074 Magla,
425 3011 503 3056 cum
522 2990 657 3054 duabus
680 2991 827 3054 navibus
854 2989 1125 3072 applicuerunt
1115 3007 1151 3051 m
1163 2958 1281 3097 'iffi‘

206 3090 426 3168 Britannia,
417 3111 452 3154 ιιι
476 3091 554 3154 loco
571 3091 632 3172 qui
651 3088 694 3152 de
713 3090 852 3153 nomine
868 3081 981 3152 Port'
987 3087 1151 3151 ‘Po-rtes
1163 3067 1220 3097 '⁰¹³⁸'

204 3189 312 3253 muth’
340 3210 465 3255 nomen
498 3190 643 3271 accepit.
696 3187 818 3265 Porro,
847 3187 969 3250 ducem
1000 3185 1152 3266 regionis

202 3288 297 3352 illius
335 3289 561 3372 expellentesr,
583 3288 688 3351 maris
721 3286 841 3350 littora
864 3292 1089 3366 occuparunt,
1116 3290 1152 3347 et

203 3387 316 3453 locum
328 3387 427 3452 illurn
442 3388 616 3452 desertum
634 3385 826 3450 inhabitare
840 3391 1030 3465 coeperunt.

253 3487 358 3552 Anno
380 3487 503 3568 gratiae
522 3502 587 3550 nn.
605 3483 834 3568 Symmachus
852 3482 1020 3565 patricius
1037 3490 1073 3546 et
1087 3501 1148 3563 ge·
1163 3500 1218 3540 nn.
1229 3503 1274 3542 m.

203 3606 264 3649 ner
278 3586 354 3669 ejus
371 3585 516 3649 Boetius
531 3586 682 3648 omniurn
697 3582 888 3647 liberalium
904 3583 1030 3646 artium
1044 3581 1152 3645 libros

203 3685 246 3748 de
261 3684 388 3748 Gracco
401 3686 437 3748 in
455 3684 620 3748 Latinum
636 3682 901 3747 transtulerunt.

238 3881 665 3950 189.ιιιιιιιιε1ιιιι]Ηιιίιιιυθιιιίγ
689 3881 744 3930 that
754 3880 797 3930 the
807 3880 880 3941 place
891 3895 946 3930 was
957 3894 986 3928 ιο
998 3879 1081 3929 called
1089 3879 1153 3927 from

201 3959 259 4018 ala,
275 3955 369 4015 having
387 3951 511 4014 occupied
528 3951 570 4000 the
586 3951 664 4012 pepal
689 3950 731 3999 the
749 3951 833 3999 Saxou
847 3950 942 3999 leader.
977 3947 1151 3998 Certethiuks

201 4025 273 4076 chair
301 4023 386 4073 fifteen
414 4036 488 4095 yeme
516 4022 566 4070 and
593 4020 677 4083 eight
688 4019 743 4069 that
760 4019 804 4068 the
822 4020 895 4080 ploce
916 4019 945 4069 os
963 4018 1029 4066 their
1045 4017 1151 4078 landing

200 4094 309 4144 months.
688 4103 743 4137 wne
760 4093 788 4137 at
805 4089 937 4150 Portland,
947 4101 976 4136 or
992 4086 1151 4146 Ροιῑιιὶιιιιιι,

234 4161 443 4224 'Porteamuth.]
466 4161 550 4209 Senon
569 4159 662 4208 Chron.
687 4172 748 4207 near
758 4158 922 4220 hhbotehury
939 4158 965 4206 in
982 4154 1151 4206 Dorsetohire.

199 4233 285 4283 where
307 4233 328 4281 it
349 4233 372 4281 ie
394 4235 446 4292 not,
463 4230 589 4292 however,
606 4229 662 4279 said
688 4227 777 4277 Hist’
770 4241 787 4276 ι.
802 4231 857 4278 199.
