3000 5004
334 475 356 538 2
717 483 913 531 PROLOGUS.

336 641 516 725 legislator
543 641 578 703 in
602 639 749 704 historia
771 639 901 716 divina,
927 639 1159 702 innocentiam
1187 636 1291 715 Abel,

339 741 428 806 Cain
457 739 634 816 invidiam,
665 739 921 821 simplicitatem
954 738 977 800 J
981 738 1037 815 oh,
1069 738 1290 801 dolositatem

340 841 448 916 Fsau,
472 839 640 902 malitiam
666 838 824 901 undecim
854 837 1003 901 filiorum
1036 837 1160 914 Israel,
1189 837 1289 899 boni-

341 946 449 1004 tatem
479 937 685 1013 duodecimi,
707 937 838 1000 scilicet
854 935 877 1000 J
881 937 1000 1019 oseph,
1023 955 1163 1019 poenam
1188 936 1290 1017 quin-

342 1057 410 1121 que
439 1037 620 1101 civitatum
642 1056 704 1118 per
725 1036 1020 1118 consumptionem
1047 1036 1139 1117 ignis
1162 1043 1196 1098 et
1219 1034 1291 1098 sul·

341 1136 461 1222 phuris
476 1136 687 1212 manifestat,
710 1143 882 1218 quatenus
909 1136 1017 1199 bonos
1048 1136 1233 1211 imitemur,
1256 1142 1292 1198 et

341 1237 511 1300 malorum
526 1255 602 1300 esse
622 1253 787 1318 sequaces
805 1234 943 1316 penitus
958 1235 1148 1312 evitemus3
1176 1242 1211 1297 et
1225 1233 1291 1296 hoc

343 1356 412 1400 non
449 1336 561 1399 solum
594 1334 726 1411 Moses,
756 1333 817 1397 sed
848 1342 884 1397 et
913 1353 1033 1397 omnes
1065 1333 1191 1398 divinae
1227 1352 1290 1414 pa·

343 1436 435 1518 ginae
457 1437 656 1518 scriptores,
674 1442 710 1498 et
731 1433 767 1496 in
789 1432 962 1496 historicis
989 1433 1080 1497 etin
1102 1431 1289 1496 moralibus

343 1535 441 1599 libris
466 1533 610 1610 faciunt,
637 1534 783 1597 virtutes
812 1532 1097 1608 commendando,
1123 1531 1210 1607 ¹vitia
1231 1532 1292 1594 de-

344 1632 517 1710 testando,
535 1633 649 1696 Deum
675 1650 791 1694 amare
813 1650 877 1695 nos
899 1631 1085 1695 admonent
1109 1638 1144 1694 et
1158 1632 1291 1695 timere.

346 1732 429 1796 Non
441 1740 524 1795 sunt
534 1731 642 1812 igitur
652 1729 824 1807 audiendi,
837 1730 897 1812 qui
908 1729 1159 1795 chronicorum
1173 1730 1292 1808 libros,

345 1838 382 1895 et
404 1830 555 1894 maxime
578 1848 599 1892 a
622 1829 802 1893 catholicis
816 1830 941 1907 editos,
956 1830 1077 1894 dicunt
1092 1848 1168 1893 csse
1181 1830 1292 1912 negli-

345 1928 490 2011 gendos,
504 1947 567 2011 per
582 1948 670 2010 quos
694 1929 857 2012 quicquid
880 1929 1040 1994 humanae
1055 1929 1234 2013 sapientiae
1256 1939 1292 1994 et

346 2029 452 2092 saluti
473 2027 704 2092 necessarium
730 2036 795 2105 est,
818 2048 880 2111 per
906 2030 1104 2094 memoriam
1126 2028 1294 2106 invenire,

345 2147 409 2211 per
422 2126 687 2209 intelligentiam
715 2146 936 2209 cognoscere,
958 2135 994 2192 et
1014 2147 1077 2210 per
1097 2128 1293 2192 facundiam

346 2225 511 2308 prolerre,
525 2228 701 2291 studiosus
716 2227 833 2290 valeat
849 2227 1045 2308 indagator.

398 2326 637 2409 Distinguitur
659 2334 774 2389 autem
797 2326 863 2390 hoc
891 2345 978 2408 opus
1001 2326 1037 2389 in
1064 2325 1161 2389 libris
1185 2326 1293 2407 gemi-

349 2427 415 2504 nis,
451 2445 597 2508 quorum
632 2425 764 2506 primus
797 2425 949 2489 breviter
986 2425 1062 2506 agit
1096 2425 1139 2487 de
1171 2424 1293 2490 Veteri

348 2523 575 2587 Testamento
611 2524 739 2587 divinae
776 2523 863 2605 legis
898 2543 961 2608 per
999 2525 1151 2606 quinque
1187 2526 1294 2589 seculi

350 2629 472 2686 cctatcs
510 2641 619 2704 usque
658 2623 702 2686 ad
742 2621 934 2687 Salvatoris
969 2623 1167 2699 adventum,
1205 2624 1296 2688 sicut

349 2721 523 2785 distinctae
553 2729 636 2784 sunt
658 2740 680 2783 a
709 2721 908 2801 legislatore
937 2722 1049 2798 Mose,
1080 2722 1207 2785 additis
1241 2744 1295 2788 re-

349 2840 433 2901 gum
459 2820 638 2902 gentilium
670 2827 706 2884 et
733 2820 917 2884 eomndem
946 2840 1130 2901 regnorum
1160 2841 1297 2887 succes·

350 2920 517 2996 sionibus,
533 2921 607 2983 sine
625 2919 750 3002 quibus
772 2919 831 2982 lex
847 2919 966 2984 divina
978 2920 1126 2983 describi
1142 2939 1211 2983 non
1234 2942 1297 3005 po·

350 3019 418 3082 tuit
432 3025 676 3100 competenter.
721 3017 814 3081 Nam
833 3018 947 3083 Lucas
964 3019 1179 3101 evangelista
1192 3039 1299 3084 evan-

350 3117 478 3198 gelium
514 3115 644 3181 Christi
679 3117 828 3181 scribere
861 3119 1072 3195 desiderans,
1106 3130 1297 3187 memorato

351 3214 491 3281 Tiberio
510 3216 650 3280 Caesare
674 3224 710 3280 et
732 3216 871 3298 regibus
886 3218 909 3280 J
913 3217 1044 3281 udaicae
1063 3220 1190 3299 gentis,
1208 3240 1296 3301 quo·

351 3333 427 3378 rum
456 3317 530 3380 dies
560 3323 597 3380 et
627 3315 709 3378 anni
732 3317 865 3380 cunctis
893 3326 993 3381 erant
1018 3317 1211 3396 notissima,
1238 3320 1298 3385 de-

352 3415 491 3497 scripsit
517 3423 558 3480 ut
587 3414 758 3479 adventus
787 3413 978 3480 Salvatoris
1006 3415 1050 3478 ad
1079 3417 1235 3482 homines
1263 3430 1298 3484 et

353 3533 471 3595 opera,
496 3533 574 3595 quae
603 3516 647 3577 ab
674 3513 868 3579 humilitate
895 3515 1090 3579 habuerunt
1118 3518 1299 3599 originem,

353 3630 416 3692 per
431 3631 473 3674 ea
487 3631 566 3694 quae
588 3614 738 3694 superba
754 3613 890 3678 fuerant
911 3623 947 3678 et
968 3616 1127 3679 omnibus
1150 3621 1299 3697 notoria,

354 3709 397 3772 ad
424 3710 584 3773 notitiam
603 3712 756 3774 omnium
780 3711 993 3790 devenirent,
1017 3722 1052 3778 et
1073 3712 1139 3776 hoc
1161 3717 1298 3797 quidem

354 3827 473 3871 omnes
500 3807 571 3871 sere
603 3808 729 3874 divinae
759 3812 896 3893 paginae
927 3813 1114 3894 scriptores
1144 3813 1300 3881 fecerunt

353 3907 467 3970 causis
505 3917 540 3971 et
569 3908 760 3972 rationibus
794 3913 1012 3993 supradictis.
1075 3910 1163 3993 Agit
1193 3917 1299 3980 etiam

352 4005 440 4070 liber
451 4009 622 4071 secundus
638 4008 741 4092 hujus
759 4011 871 4091 operis
887 4011 929 4075 de
943 4011 1047 4075 Novo
1061 4011 1299 4093 Testamento,

352 4106 412 4187 qui
434 4108 478 4169 ab
497 4107 734 4172 incarnatione
750 4109 879 4174 Christi
897 4118 931 4174 et
946 4111 1131 4174 nativitate
1150 4112 1226 4195 ejus
1242 4135 1300 4178 su-

351 4206 414 4269 mit
425 4206 560 4270 initium
576 4207 760 4272 distinctus
775 4230 836 4292 per
852 4228 961 4273 annos
976 4210 1170 4275 Dominicae
1187 4213 1300 4278 incar-
