3000 5004
482 432 620 479 monas
649 431 917 482 ursrouruaou.
1109 424 1173 487 183

242 685 413 764 Codwalla,
429 708 555 772 rmum
562 697 693 771 propter
704 690 805 751 Deum
821 688 1001 774 relinquam,
1018 690 1149 754 Mirtum

538 784 744 871 baptizandus
759 789 851 852 veuit.

267 925 372 990 Anno
398 927 521 1007 gratiae
545 943 784 992 nchxxxvru.
807 921 1012 1004 ¹Cedwalla,
1030 929 1289 998 misera-uuae.

216 1025 310 1089 tione
334 1032 450 1088 tactus
464 1024 595 1101 divina,
613 1026 794 1108 imperium
817 1034 959 1108 propter
981 1027 1094 1090 Deum
1116 1006 1278 1102 ire-hihi?

214 1124 375 1207 linquens
406 1124 607 1206 temporale,
638 1118 806 1188 ²R0mam
838 1125 956 1203 venit3
995 1125 1061 1189 hoc
1102 1127 1169 1190 sibi

216 1223 336 1305 gloriae
367 1221 554 1304 singularis
582 1222 727 1304 adipisci
756 1222 967 1299 desiderans,
992 1231 1033 1287 ut
1058 1224 1101 1287 ad
1125 1224 1167 1287 li-

215 1323 309 1385 mina
330 1321 566 1403 apostolorum
590 1323 769 1385 beatorum
786 1321 883 1385 Petri
905 1329 940 1385 et
956 1322 1059 1385 Pauli
1080 1323 1166 1405 bap·
1217 1366 1219 1370 ι

214 1420 364 1484 tismatis
380 1420 475 1484 fonte
490 1420 699 1497 ablueretur,
716 1421 752 1483 in
770 1440 838 1502 quo
855 1420 1022 1483 didicerat
1047 1423 1167 1502 generi

214 1519 366 1583 humano
391 1519 473 1583 ritae
501 1519 651 1583 caelestis
685 1527 805 1601 patore
835 1519 1027 1583 introitum.
1079 1520 1165 1601 Spe·

214 1620 314 1682 rabat
336 1618 453 1695 etiam,
477 1618 569 1700 quod
595 1619 793 1699 baptizatus
818 1627 853 1680 et
880 1637 961 1680 mox
984 1637 1087 1681 carne
1109 1639 1165 1682 so-

214 1717 322 1794 lutus,
344 1716 387 1779 ad
413 1724 545 1780 aeterna
565 1717 693 1798 gaudia
708 1717 784 1800 jam
810 1717 958 1780 mundus
979 1717 1163 1796 transiret3

214 1815 306 1898 quod
333 1822 529 1898 utrumque,
556 1823 595 1877 ut
625 1823 739 1879 mente
765 1825 983 1897 conceperat,
1013 1817 1164 1881 Domino

208 1915 369 1998 juvante,
385 1914 584 1995 complevit.

353 2119 507 2204 Defuncto
522 2139 588 2203 repe
606 2119 775 2198 Ooduullu,
791 2122 850 2185 Im
866 2121 1013 2183 succutit.

262 2258 367 2324 Anno
383 2260 506 2340 gratiae
523 2274 736 2322 cccxxxix.
750 2257 928 2322 Cedwalla
940 2278 1002 2321 rex
1013 2257 1161 2322 Romam
1172 2279 1227 2318 un.
1237 2281 1281 2319 aa.

211 2359 365 2436 veniens,
389 2358 512 2438 Sergio
538 2357 777 2439 pontificatum
801 2365 939 2439 agente,
965 2357 1161 2439 baptizatus
1173 2329 1206 2369 Μ’
1216 2330 1286 2370 Μ’

210 2465 265 2523 eat
285 2459 341 2523 die
362 2464 484 2521 sancto
510 2456 646 2520 sabbati
670 2456 857 2537 paschalia
880 2457 970 2520 etin
990 2456 1079 2519 albis
1098 2456 1160 2519 ad·

209 2557 277 2621 huc
291 2557 439 2640 positus,
448 2555 615 2637 languore
630 2563 809 2638 correptus
826 2555 1028 2619 duodecimo
1041 2553 1161 2619 kalen·

209 2656 331 2720 darum
350 2655 524 2719 Maiarum
546 2653 602 2718 die
623 2672 728 2718 carne
752 2654 901 2731 solutus,
921 2662 957 2717 et
979 2655 1159 2718 beatorum

209 2754 245 2818 in
259 2755 355 2820 caelis
369 2762 424 2818 est
445 2772 552 2835 regno
569 2752 732 2816 sociatus.
786 2752 852 2817 Cui
869 2754 986 2830 etiam,
1004 2760 1158 2835 tempore

209 2854 440 2938 baptismatis,
466 2872 557 2936 papa
583 2860 794 2916 memoratus
818 2852 914 2915 Petri
940 2871 1063 2914 nomeu
1094 2852 1157 2914 im·

208 2953 337 3035 posuit,
364 2959 404 3015 ut
428 2971 503 3026 rex,
522 2952 582 3033 qui
608 2952 665 3033 pio
686 2951 810 3015 ductus
833 2969 949 3014 amore
969 2950 1012 3013 ad
1038 2949 1158 3013 limina

209 3049 306 3117 Petri
328 3071 350 3115 a
365 3049 490 3114 finibus
510 3058 612 3114 terrm
629 3058 783 3127 venerat,
800 3051 937 3114 nominc
951 3068 1089 3131 quoquc
1104 3049 1156 3129 ip·

207 3152 280 3215 eiua
305 3149 478 3215 consortio
495 3149 713 3231 jungeretur.
766 3148 849 3228 Qui,
867 3143 1023 3232 ³jubeute
1041 3147 1157 3229 ponti·

208 3249 284 3327 tice,
305 3250 341 3313 in
356 3248 432 3332 ejus
449 3248 594 3312 ecclesia
610 3248 779 3331 sepultus,
802 3247 1014 3330 epitaphium
1034 3247 1070 3309 in
1085 3265 1157 3309 mo·

208 3356 370 3412 numento
386 3349 494 3429 ipsius
510 3346 575 3411 hoc
591 3346 692 3410 modo
707 3347 874 3427 scriptum
891 3353 955 3421 est,

239 3644 248 3677 ¹
262 3649 384 3697 Cedwotto
391 3647 565 3709 miseratum]
585 3649 667 3709 Beda,
693 3650 748 3698 that
758 3650 790 3698 he
801 3649 847 3698 left
859 3649 975 3713 England
986 3650 1013 3699 in
1024 3651 1074 3699 this
1084 3664 1155 3712 year,

204 3714 218 3781 §
229 3720 286 3778 ³⁷2,
296 3717 381 3766 where
391 3717 434 3767 the
446 3718 535 3767 madet·
544 3732 604 3778 may
615 3718 666 3765 tind
694 3719 716 3767 ie
727 3718 828 3767 erident
838 3718 900 3767 from
913 3719 994 3780 Beda,
1004 3719 1062 3769 who
1076 3725 1155 3769 etates

202 3785 393 3836 theremainder
401 3787 430 3835 oi
437 3787 480 3835 the
488 3786 602 3849 epitaph,
608 3800 668 3834 eon·
693 3788 747 3836 that
758 3787 790 3836 he
801 3787 922 3849 departed
933 3789 959 3836 in
970 3789 1086 3838 thethird
1094 3804 1156 3850 year

203 3855 295 3918 marg
305 3856 446 3918 altogether
459 3855 489 3904 os
502 3855 668 3917 twenty-tour
693 3857 722 3904 of
734 3856 847 3919 hihirid,
859 3857 921 3919 king
935 3857 965 3905 os
975 3858 1155 3908 Nerthumber·

201 3924 276 3975 linea.
692 3924 762 3973 land.

727 3991 998 4059 ³Jubeueponuflce.]
1024 3995 1055 4043 In
1072 3995 1153 4057 Beda,

238 4059 362 4112 'Rom
380 4061 468 4126 mu]
494 4062 601 4112 Hadid
624 4068 668 4112 not
692 4062 855 4112 theeewords
864 4062 931 4112 refer
940 4063 1034 4124 onlyto
1045 4064 1087 4112 the
1099 4066 1155 4124 epi·

203 4132 285 4182 arrive
293 4133 320 4180 in
328 4133 407 4182 Rome
418 4131 484 4181 until
495 4130 538 4181 the
550 4146 611 4193 year
622 4132 668 4181 iol·
692 4132 763 4195 taph.
799 4132 852 4180 The
862 4132 964 4193 latinity
972 4132 1018 4181 has
1029 4132 1083 4180 aleo
1094 4133 1154 4181 here

201 4201 343 4263 1⁰W51¹82⁸⁸
354 4202 376 4250 it
387 4200 593 4250 iethereuoticed
603 4217 610 4262 ;
622 4201 668 4250 but
692 4201 802 4251 suffered
814 4203 839 4250 in
850 4201 893 4250 the
904 4201 1084 4263 abridgement.
