3000 5004
399 412 539 462 anonas
561 412 830 464 msuoamnuu.
1023 400 1090 465 167

137 585 259 630 manos
281 567 406 632 fratres
421 566 663 646 Athelredum,
683 569 850 647 Peadam,
866 570 909 635 de
936 591 1006 655 quo
1028 591 1087 636 su·

137 667 254 748 perias
274 667 421 732 relatum
447 676 512 745 est,
538 678 573 732 et
599 669 827 732 Marwaldum
852 671 912 752 qui
935 672 972 734 in
996 673 1088 735 occi-

136 765 268 829 dentali
295 767 503 832 Merciorum
538 768 644 850 plaga
675 770 845 850 regnavit.
899 769 1007 834 Istius
1034 791 1088 834 re-

137 865 233 945 gina,
254 874 377 930 sancta
392 866 644 948 Ermenburga,
659 867 859 931 Ermenredi
883 868 1000 934 fratris
1023 870 1088 934 Er-

136 965 291 1029 conberti
308 966 400 1047 regis
415 966 550 1030 Cantiae
565 966 649 1043 filia,
661 973 733 1030 tres
747 968 778 1030 ei
792 967 882 1030 filias
896 970 1088 1049 generavit,

137 1071 294 1128 sanctam
318 1064 479 1129 videlicet
501 1059 744 1147 ¹Milburgam,
766 1075 923 1130 sanctam
950 1068 1087 1131 Mildri-

137 1161 231 1239 dam,
261 1172 487 1246 sanctamque
514 1164 748 1248 Milgytham3
780 1166 914 1247 peperit
942 1167 1086 1248 insuper

139 1262 171 1323 ei
201 1261 310 1325 filium
341 1264 480 1327 nomine
517 1263 735 1340 Merefinum,
764 1263 902 1327 eximiae
942 1285 1087 1348 puerum

138 1361 347 1426 sanctitatis.
399 1362 574 1426 Successit
582 1361 742 1427 Wlfhero
756 1363 864 1426 frater
878 1363 954 1446 ejus
965 1361 1090 1428 Athel-

138 1459 253 1536 redus,
295 1462 355 1542 qui
390 1463 483 1543 regis
526 1460 910 1526 Northanhumbrorum
955 1462 1089 1543 Egiridi

140 1578 292 1623 sororem
321 1559 514 1625 Ostritham
539 1561 576 1623 iu
607 1561 789 1643 conjugem
811 1561 998 1642 accipiens,
1022 1562 1088 1626 Ce-

141 1657 296 1722 olredum
325 1680 370 1723 ex
399 1680 441 1724 ea
471 1660 579 1723 filium
609 1660 772 1740 suscepit.
834 1659 965 1723 Eodem
996 1680 1089 1724 anno
1102 1681 1205 1722 natust

142 1757 357 1835 Eascwinus,
371 1779 435 1823 rex
448 1758 713 1824 occidentalium
725 1758 917 1835 Saxonum,
928 1759 1089 1837 decessit,
1101 1731 1216 1772 *mm

141 1857 200 1938 qui
233 1858 300 1922 fuit
328 1857 523 1934 Kenferthi,
553 1859 613 1940 qui
640 1857 707 1922 fuit
731 1856 905 1938 Cuthgils,
934 1859 994 1939 qui
1023 1859 1090 1924 fuit

142 1955 298 2032 Ceolwlf,
315 1958 375 2038 qui
389 1957 455 2021 fuit
474 1956 628 2021 Kenrici.
663 1956 837 2021 Successit
848 1964 964 2020 autem
982 1958 1090 2021 Eusc-

142 2055 235 2118 wino
251 2048 479 2120 ²Kentwinus
494 2057 612 2119 decem
626 2056 740 2134 annis,
761 2056 821 2139 qui
837 2055 903 2120 fuit
917 2055 1092 2139 Kinogils,

141 2153 201 2236 qui
215 2154 282 2220 suit
297 2154 454 2233 Ceolwlf,
470 2164 506 2220 et
523 2163 661 2220 caetera.

450 2327 560 2390 Dauus
573 2325 652 2391 sedit
667 2325 782 2389 Romu.

192 2446 298 2513 Anno
322 2450 445 2531 gratiae
472 2465 665 2513 ncnxxvn.
689 2442 832 2513 ⁸Donus
856 2448 946 2513 sedit
973 2449 1010 2512 in
1035 2467 1217 2514 ca·a.n.an.

142 2547 264 2612 thedra
296 2548 456 2613 Romana
487 2567 579 2612 anno
609 2569 691 2625 uno,
721 2549 897 2611 mensibus
927 2524 1249 2631 quinque,⁰⁰⁰¹¹⁸¹'⁰¹”'

143 2647 263 2711 diebus
280 2646 410 2724 decem,
435 2655 471 2712 et
496 2649 647 2712 cessavit
664 2646 763 2711 sedes
787 2648 961 2711 mensibus
978 2648 1094 2712 decem

58 2735 62 2740 ⁵
144 2754 180 2810 et
194 2746 314 2810 diebus
329 2746 535 2827 quindecim.
582 2746 663 2810 Hoc
674 2756 828 2828 tempore
844 2747 961 2811 floruit
974 2754 1097 2811 sancta

145 2838 375 2909 ⁴Etheldreda
397 2846 434 2910 in
457 2847 573 2910 insula
593 2846 736 2910 Eliensi.
788 2845 860 2909 Sub
882 2845 935 2909 his
958 2865 1097 2929 quoque

145 2944 266 3008 diebus
282 2952 418 3009 cometa
434 2965 497 3028 per
515 2953 584 3009 tres
606 2963 742 3008 menses
765 2945 939 3027 apparuit,
954 2951 990 3007 et
1011 2964 1099 3008 uno-

145 3063 282 3127 quoque
299 3043 354 3107 die
368 3064 469 3108 mane
485 3044 582 3108 velut
596 3043 650 3108 sol
667 3043 891 3125 resplenduit.

339 3214 511 3299 Wilsridus
525 3214 563 3279 ab
579 3215 754 3300 qucquam
762 3211 909 3298 pellitur.

196 3334 301 3402 Anno
333 3338 456 3420 gratiae
479 3352 688 3402 ncnxxvln.
719 3329 816 3399 ⁶orta
847 3341 902 3398 est
927 3333 1222 3401 dissensionum.

145 3437 365 3518 interregem
385 3436 420 3500 N
423 3436 771 3501 orthanhumbrorum
788 3433 970 3515 Egiridum
987 3440 1023 3496 et
1039 3453 1099 3497 ve·
1111 3410 1242 3500 wiii‘idaff'

148 3536 336 3599 notabilem
351 3535 648 3619 archiepiscopum
657 3532 870 3599 Wilsridum.
903 3472 1224 3614 ‘Expulsusffi'hwm

148 3642 265 3699 autem
283 3636 335 3700 vir
350 3643 504 3712 sanctus,
520 3643 592 3700 tres
608 3636 645 3698 in
662 3634 738 3717 ejus
754 3633 831 3697 loco
847 3641 930 3697 sunt
945 3632 1100 3719 episcopi

182 3839 377 3913 wiltunam]
386 3846 614 3907 Malmsbnrycalls
672 3845 683 3876 ⁴
695 3838 866 3914 Etiamnum]
877 3845 928 3895 She
938 3845 999 3894 died
1007 3845 1033 3892 in
1044 3845 1102 3892 679.

148 3916 217 3965 them
239 3915 380 3978 Milburga,
398 3916 542 3980 mildritha,
563 3916 614 3964 and
639 3916 715 3978 Angl.
727 3916 798 3965 Sacr.
810 3916 829 3964 i.
841 3931 867 3977 p.
879 3919 937 3963 596.

150 3984 293 4035 Mddritha.
674 3982 685 4011 ⁶
709 3985 773 4033 Orto
803 3989 841 4033 est
874 3982 1022 4045 diaconia]
1056 3979 1105 4028 See

184 4052 196 4082 ¹
206 4053 375 4119 Keaawimq
394 4054 445 4102 His
456 4053 532 4103 death
543 4055 566 4103 is
577 4069 615 4103 re·
640 4053 809 4114 Malmsbury‚
820 4068 846 4114 p.
858 4057 900 4114 78,
910 4057 966 4101 acte
979 4049 997 4101 ¹.

85 4153 90 4161 ·
149 4125 242 4176 corded
252 4125 334 4173 below
346 4125 372 4172 in
383 4127 441 4172 686.
675 4120 929 4187 ‘Expauuauemq
942 4122 1015 4171 From
1024 4117 1107 4180 Beda,

184 4192 612 4258 ’Donasdiiediedlldpriloia
641 4190 723 4257 §isia
