3000 5004
477 503 614 551 suonns
638 504 910 553 nrsronmnun.
1099 491 1164 555 453

209 658 330 732 visset,
353 658 530 722 obsidione
553 661 706 737 dimissa,
738 660 904 724 Merciam
926 663 1050 724 iterum
1074 682 1162 744 prae-

208 756 355 819 daturus
384 758 541 835 intravit,
570 768 605 823 et
631 761 710 824 inde
737 761 772 822 in
806 760 1162 825 Nortbanhumbriam

208 856 350 919 veniens
365 856 460 920 illam
477 858 653 941 spoliavit,
670 867 706 923 et
725 853 936 923 ¹Uthredum
952 868 1057 942 atque
1071 861 1161 924 Tur-

209 953 331 1017 killum
360 959 503 1021 comites
528 958 652 1021 ibidem
678 960 834 1041 peremit,
856 968 892 1022 et
918 980 980 1041 pro
1005 960 1161 1025 Uthredo

210 1049 392 1134 Egricum²
413 1058 572 1120 comitem
594 1059 798 1136 constituit;
831 1078 900 1139 quo
923 1059 1028 1135 facto,
1045 1059 1160 1124 Cnuto

208 1160 326 1233 partes
361 1156 531 1219 australes
557 1165 677 1239 petens
709 1175 787 1220 cum
820 1157 941 1239 spoliis
977 1158 1020 1221 ad
1053 1178 1160 1223 naves

208 1252 309 1316 rediit
324 1261 360 1317 et
377 1256 519 1337 rapinis

323 1427 372 1490 Do
387 1436 481 1492 naono
497 1428 577 1513 repis
588 1427 751 1493 Ethelreda'
765 1439 793 1494 et
808 1430 845 1494 dc
857 1431 1037 1495 massanus

599 1529 757 1593 Onutonis.

259 1644 378 1714 Circa³
393 1651 456 1714 hos
479 1651 626 1732 denique
649 1651 722 1714 dies
744 1672 807 1715 rex
824 1651 1018 1735 Anglorum
1038 1652 1156 1717 Ethel·
1171 1677 1274 1718 norun

204 1750 321 1823 rodus,
338 1759 417 1831 post
435 1770 580 1831 magnos
596 1750 699 1834 hujus
716 1752 798 1815 vitae
818 1751 955 1815 labores
977 1761 1013 1815 et
1035 1771 1158 1815 aerum·
1171 1728 1293 1769 mm

208 1868 284 1925 naS,
301 1870 392 1913 nono
406 1849 572 1913 kalendas
592 1850 679 1922 Maii
696 1851 785 1913 diem
800 1851 924 1915 clausit
947 1871 1157 1933 supremum,

205 1955 241 2010 et
264 1950 299 2011 in
319 1950 465 2012 ecclesia
486 1949 599 2012 sancti
615 1948 718 2012 Pauli
742 1950 777 2013 in
801 1952 885 2013 urbe
903 1950 1158 2015 Londoniarum

206 2048 362 2129 sepultus
379 2056 443 2112 est.
497 2048 577 2126 Quo
591 2048 766 2125 defuncto,
780 2051 933 2112 maxima
949 2068 1030 2132 pars
1048 2051 1158 2130 regni,

208 2154 278 2210 tam
304 2147 506 2211 clericorum
533 2168 637 2229 quam
666 2149 844 2224 laicorum,
869 2149 905 2211 in
940 2168 1046 2210 unum
1076 2168 1158 2212 con-

206 2255 365 2328 gregata,
390 2248 466 2330 pari
496 2267 665 2310 consensu
687 2246 880 2310 Cnutonem
906 2247 1096 2328 elegerunt,
1121 2255 1157 2311 et

206 2344 250 2407 ad
273 2365 351 2409 enm
373 2348 551 2410 venientes
578 2365 698 2428 pacem
723 2366 801 2409 eum
830 2366 871 2408 oo
894 2347 1100 2428 pepigerunt
1122 2355 1157 2411 et

205 2443 406 2509 fidelitatem
423 2446 590 2510 lecerunt.
642 2445 715 2509 Soli
732 2446 826 2510 cives
843 2444 1102 2509 Londonionscs
1121 2453 1157 2510 et

205 2563 287 2625 pars
304 2545 470 2609 nobilium
487 2546 612 2609 ibidem
627 2546 817 2609 existentes
834 2545 1076 2609 Eadmundum
1088 2544 1156 2608 La·
1168 2568 1284 2609 mumma

205 2644 429 2707 tus-ferreum
447 2646 538 2726 regis
562 2644 668 2707 filium
691 2646 728 2708 in
746 2665 861 2727 regom
881 2653 1079 2721 erexerunt,
1096 2646 1156 2727 qui
1168 2618 1280 2659 md*

205 2742 249 2805 ad
281 2743 417 2807 culmen
453 2745 659 2808 sublimatus
694 2747 800 2825 regiae
828 2746 1008 2825 dignitatis
1040 2745 1156 2808 West·

204 2844 386 2906 saxoniam
416 2844 609 2926 intrepidus
638 2843 724 2907 adiit
757 2854 804 2920 et,
832 2846 876 2907 ab
901 2846 994 2907 omni
1026 2844 1156 2926 populo

204 2951 385 3022 gratanter
407 2953 601 3025 susceptus
622 2942 834 3024 provinciam
858 2943 953 3006 illam
978 2963 1051 3006 suae
1074 2942 1155 3005 diti·

205 3042 262 3104 oni
285 3043 445 3123 subegit3
468 3043 595 3124 quibus
617 3042 757 3118 auditiS,
777 3043 929 3105 maxima
950 3061 1031 3123 pars
1057 3043 1154 3122 regni

204 3160 281 3204 sese
314 3140 519 3206 Eadmundo
557 3141 717 3225 subjecit.
782 3141 897 3204 Cnuto
938 3159 1075 3222 quoque
1109 3139 1154 3202 ad

200 3241 390 3304 Dorsetam
417 3241 589 3305 hostiliter
612 3241 765 3316 veniens,
791 3240 886 3303 illam
911 3239 1067 3302 obtinere
1092 3257 1153 3303 va·

202 3340 319 3419 cavit3
351 3341 406 3404 cui
433 3340 658 3403 Eadmundus
688 3339 861 3402 hostiliter
892 3326 1087 3414 occurrens,
1117 3338 1154 3401 in

204 3438 294 3515 loco,
324 3440 385 3520 qui
415 3439 617 3504 ‘Pennum'
642 3439 779 3515 dicitur,
808 3439 929 3522 quinto
952 3437 1030 3501 idus
1055 3437 1077 3500 J
1082 3437 1154 3500 unii

203 3557 281 3601 cum
306 3558 348 3603 eo
380 3540 617 3621 congrediens,
650 3539 762 3621 ipsum
788 3557 865 3601 cum
893 3537 966 3600 suis
993 3537 1153 3600 omnibus

203 3636 374 3702 devictum
391 3638 427 3701 in
445 3638 563 3720 lugam
581 3639 705 3719 coegit.

237 3872 244 3903 ¹
259 3867 416 3940 Uthredom]
434 3873 593 3935 Malmsbury
605 3888 664 3935 says
725 3870 736 3901 ⁸
748 3873 821 3922 Circo
830 3873 872 3922 hos
880 3872 981 3936 deniqne
991 3871 1065 3935 dica]
1077 3873 1153 3932 Upon

200 3944 256 3992 that
270 3943 302 3991 hs
312 3957 368 3991 was
383 3943 449 3991 slain
463 3943 614 3993 ‘barbarica
629 3945 665 3994 le·
688 3942 731 3992 the
748 3944 808 3992 time
825 3943 854 3992 ol
868 3943 911 3991 the
922 3943 999 3992 death
1011 3942 1040 3991 ol
1048 3942 1153 3990 Acthei-
1225 3990 1235 4013 ‚

201 4016 278 4064 vitate
284 4013 303 4076 ;’
314 4013 364 4061 and
373 4013 539 4076 Florence,by
546 4013 589 4062 the
597 4013 664 4062 hand
688 4013 743 4074 red,
762 4013 812 4062 und
831 4012 874 4060 the
893 4018 980 4062 events
999 4015 1154 4071 consequent

201 4084 232 4134 ol
237 4083 413 4141 'l'hurebrand‚
424 4099 440 4132 u
451 4085 525 4133 noble
537 4084 621 4132 Daue.
690 4097 756 4142 upon
767 4083 810 4130 ths
821 4083 966 4130 successies
979 4080 1009 4129 oi
1018 4079 1154 4128 Eadmund

236 4148 419 4220 ²Egricum.]
456 4155 490 4201 So
526 4154 665 4210 Florence3
688 4151 824 4210 Iron-side,
832 4151 874 4199 the
882 4151 1016 4201 historiens
1024 4152 1154 4211 appearto

201 4224 297 4287 ‘Yric,’
308 4225 370 4272 Ssx.
382 4222 476 4274 chron.
689 4221 720 4269 be
732 4221 890 4271 unanimous.
