3000 5004
402 435 543 485 anonas
567 434 837 483 nrsronrnnnu.
1026 419 1092 484 289

136 588 325 668 omatibus,
340 593 582 658 exactionibus
602 601 637 658 et
656 593 797 658 tributis
811 613 819 672 ;
844 586 964 675 ¹quam
980 592 1088 659 dona·

136 688 266 752 tionem
291 698 326 754 et
343 691 472 756 cbartae
488 712 561 756 suae
577 693 872 757 confirmationem
888 692 944 755 hic
959 712 1089 774 ponere

136 785 233 865 libet,
248 796 288 852 ut
298 789 407 873 ipsius
422 791 561 855 devotio
572 794 729 855 omnibus
744 793 949 868 innotescat,
968 792 1087 876 ‘Reg-
1101 807 1189 851 cumn
1198 812 1223 851 οι

137 894 243 951 naute
257 888 293 950 in
308 898 511 972 perpetuum
528 891 680 955 Domino
696 898 815 955 nostro
831 891 854 956 J
857 911 918 954 esu
936 890 1087 969 Christo,
1099 859 1233 903 mmm

135 984 173 1047 in
188 988 316 1051 nostris
337 991 548 1071 temporibus
565 989 730 1055 bellorum
747 989 906 1053 incendia
922 997 957 1053 et
971 990 1086 1072 direp-

136 1083 248 1149 tiones
270 1107 374 1168 opum
397 1095 592 1151 nostrarum
615 1096 651 1152 et
663 1089 874 1152 vastantium
891 1089 1087 1153 crudelissi-

134 1202 210 1246 mas
225 1184 374 1250 bostium
390 1188 614 1250 barbarorum
631 1206 915 1269 paganarumque
932 1188 1086 1267 gentium

134 1282 343 1365 multiplices
368 1287 620 1363 tribulationes,
647 1286 873 1366 affligentium
901 1305 1011 1366 usque
1041 1287 1085 1351 ad

133 1381 401 1448 internecionem
417 1386 587 1449 cernimus
603 1395 759 1466 tempora
779 1384 975 1448 incumbere
997 1387 1087 1465 peri·

133 1480 264 1544 culosa.
316 1482 548 1560 Quamobrem
565 1504 630 1565 ego
648 1482 869 1559 Athelwlsus,
888 1483 1084 1547 occidenta-

133 1578 218 1641 lium
233 1599 296 1644 rex
313 1581 502 1660 Saxonum,
525 1602 601 1646 cum
625 1580 770 1647 consilio
785 1582 1024 1663 episcoporum
1042 1601 1083 1646 ac

133 1678 327 1760 principum
343 1700 508 1758 meorum,
525 1681 705 1746 consilium
723 1680 861 1744 salubre
878 1687 983 1762 atque
1006 1682 1083 1744 uni·

134 1775 242 1840 forme
259 1780 446 1843 remedium
463 1779 642 1855 affirmavi,
660 1788 699 1844 ut
715 1780 866 1860 aliquam
889 1780 1082 1861 portionem

133 1881 234 1938 terrae
259 1897 344 1941 meae
371 1880 448 1944 Deo
479 1888 514 1943 et
547 1887 677 1943 sanctae
710 1878 833 1941 Mariae
859 1886 893 1941 et
923 1879 1082 1942 omnibus

133 1976 264 2038 sanctis
299 1977 380 2060 jure
414 1985 581 2060 perpetuo
615 1977 856 2060 possidendam
885 1977 1082 2054 concedam,

132 2071 298 2137 decimam
323 2077 455 2141 scilicet
477 2084 609 2160 partem
633 2085 735 2139 terrae
758 2095 855 2152 meae,
878 2081 918 2137 ut
939 2076 985 2139 sit
1006 2084 1083 2140 tuta

131 2173 331 2238 muneribus
347 2184 382 2239 et
400 2176 508 2239 libera
531 2177 575 2239 ab
593 2176 751 2238 omnibus
774 2173 926 2237 servitiis
949 2175 1083 2240 secula-

132 2270 239 2348 ribus,
252 2292 315 2336 nec
332 2294 401 2337 nou
416 2275 590 2356 regalibus
605 2274 743 2337 tributis
761 2272 948 2356 majoribus
965 2279 1000 2334 et
1017 2273 1081 2335 mi-

132 2371 285 2447 noribuS,
299 2373 373 2436 sive
382 2374 621 2437 taxationibus
635 2391 723 2455 quas
738 2377 823 2434 nos‘
837 2370 1082 2434 Witeredden'

130 2468 346 2551 appellamus
363 2492 371 2550 ;
395 2473 510 2554 sitque
531 2472 682 2535 omnium
701 2489 813 2533 rerum
827 2471 936 2533 libera
950 2489 1013 2551 pro
1030 2490 1083 2534 re-

131 2568 294 2632 missione
319 2570 510 2632 animarem
539 2578 575 2634 et
600 2577 819 2652 peccatorum
847 2587 1012 2644 meorum,
1037 2567 1081 2631 ad

131 2666 348 2739 serviendum
375 2668 440 2732 soli
464 2668 541 2732 Deo
566 2668 640 2731 sine
664 2667 883 2749 expeditione
903 2675 938 2729 et
965 2667 1082 2747 pontis

130 2767 398 2843 constructione,
422 2768 511 2831 arcis
536 2768 738 2842 munitione,
754 2773 794 2828 ut
817 2785 858 2828 eo
880 2765 1081 2845 diligentius

130 2882 193 2945 pro
218 2865 319 2927 nobis
343 2884 461 2946 preces
488 2865 530 2928 ad
550 2866 663 2928 Deum
690 2865 763 2927 sine
786 2865 978 2926 cessatione
1004 2862 1081 2925 fun-

129 2961 226 3039 dant,
244 2981 313 3043 quo
330 2983 446 3026 eorum
462 2963 664 3027 servitutem
682 2965 718 3026 in
739 2961 855 3043 aliquo
876 2960 1080 3040 levigamus.

130 3060 269 3124 Placuit
298 3069 412 3125 autem
436 3063 606 3144 episcopis
628 3061 782 3124 ecclesiae
805 3059 1081 3123 Scireburnensis

130 3157 279 3224 Alstauo
297 3168 332 3223 et
348 3160 600 3223 Wintoniensis
614 3160 806 3234 Switbuno,
822 3177 900 3221 cum
922 3157 994 3219 suis
1018 3157 1079 3218 ab·

128 3259 267 3322 batibus
290 3267 326 3323 et
353 3258 420 3323 Dei
443 3260 565 3335 servio,
594 3258 676 3322 viris
707 3257 840 3320 scilicet
872 3263 907 3318 et
930 3254 1081 3318 foeminis

127 3356 312 3439 religiosis,
328 3358 454 3438 quibus
476 3357 676 3439 supradicta
698 3355 826 3419 collata
848 3361 930 3417 sunt
951 3353 1080 3416 beneti-

128 3456 195 3532 cio,
212 3455 392 3520 consilium
415 3456 514 3533 inire,
530 3464 571 3520 ut
593 3474 712 3519 omues
729 3454 852 3516 fratres
875 3459 910 3515 et
932 3470 1080 3527 sorores,

128 3554 222 3619 omui
238 3553 453 3618 hebdomada
470 3554 525 3618 die
541 3553 717 3629 Mercurii,
731 3553 796 3616 hoc
810 3559 875 3628 est,
885 3550 1078 3614 Wodenes·

127 3653 196 3729 dai,
215 3653 250 3715 in
267 3672 477 3735 unaquaque
491 3653 636 3717 ecclesia
649 3659 791 3716 cautent
807 3651 959 3733 psalmos
977 3651 1078 3731 quin·

127 3752 296 3836 quaginta
317 3759 353 3816 et
371 3753 610 3835 uuusquisque
633 3753 813 3835 presbyter
833 3750 919 3813 duas
941 3748 1079 3826 missas,

160 3977 263 4034 ¹Quum
284 3978 434 4027 donationem
453 3982 477 4026 et
499 3978 590 4026 abacta
615 3976 816 4038 transmitted'by
828 3975 940 4039 Ingulph
957 3976 1008 4025 and
1026 3976 1081 4023 that

124 4048 591 4114 uwconflmotiouem.]'l'hiseharter
616 4049 712 4111 writer,
732 4048 759 4096 in
782 4047 911 4108 Spelmau,
933 4044 1032 4095 Concil.
1053 4058 1079 4105 p.

123 4117 591 4179 tehereabridgedsromMalmabury.
617 4121 673 4167 848.

122 4192 178 4241 'ibe
186 4187 395 4237 readerwilllind
403 4186 445 4234 tbe
458 4187 553 4248 copies,
563 4201 592 4235 aa

176 4278 255 4327 VOL.
274 4277 299 4325 l.
907 4273 929 4320 U
