3000 5004
347 447 413 510 482
603 459 737 506 nocam
762 459 809 506 nu
832 456 1040 505 wranovnn

345 616 511 699 juvenem
533 622 687 679 assatum
711 615 852 678 beatum
878 621 1037 677 sanctum
1061 611 1307 688 Laurentium,

350 716 410 797 qui
428 716 537 779 vicem
561 715 624 777 tibi
652 734 715 796 pro
735 715 809 778 vice
836 712 1028 795 rependens
1051 712 1207 794 spatium
1229 732 1306 794 poe-

350 814 506 877 nitentiae
520 821 556 877 et
570 813 786 894 refrigerium
799 812 999 894 impetravit
1013 813 1048 875 in
1064 811 1204 892 poenisff

392 986 443 1050 Do
458 994 552 1050 morta
568 987 648 1071 rapis
659 986 869 1063 Hardacaati,
882 994 911 1050 at
925 986 963 1050 de
976 985 1169 1050 arcuatam
1184 985 1267 1070 req&

615 1085 796 1149 Eadwordi
802 1094 909 1170 postca
924 1085 1035 1149 sanai.

190 1229 312 1270 sosas.
402 1207 506 1273 Anno
531 1208 672 1273 Domini
696 1225 818 1273 axell.
854 1230 916 1273 rex
938 1208 1131 1291 Anglorum
1163 1207 1303 1273 Harde-

190 1280 322 1371 iffia
352 1316 491 1386 cnutus,
505 1309 588 1372 dum
609 1309 646 1372 in
667 1309 827 1373 convivio
851 1310 1062 1391 nuptiarum,
1088 1309 1124 1371 in
1149 1328 1221 1390 quo
1237 1308 1305 1372 Os·

353 1408 464 1490 godus
487 1406 628 1491 Glappa
652 1407 757 1471 filiam
778 1425 877 1470 suam
894 1408 970 1471 viro
997 1407 1135 1471 cuidam
1152 1407 1304 1483 Danico,

352 1500 500 1570 nomine¹
515 1505 680 1584 Cnutoni,
694 1506 786 1589 apud
800 1505 1001 1570 Lamheiam
1014 1505 1235 1570 matrimonio
1246 1526 1305 1570 co·

353 1606 502 1687 pularet,
516 1606 631 1683 laetus,
646 1624 767 1688 sospes
781 1613 817 1670 et
826 1605 957 1682 hilaris,
971 1624 1049 1669 cum
1059 1623 1191 1687 sponsa
1205 1613 1304 1670 stans

353 1703 533 1785 praedicta,
549 1703 639 1769 inter
658 1703 784 1786 pocula
808 1704 939 1769 corruit
961 1703 1006 1768 ad
1029 1714 1170 1780 terram,
1194 1705 1303 1768 etsie

354 1822 417 1864 rex
426 1802 515 1866 idem
526 1812 644 1867 mutus
657 1804 773 1867 subito
787 1822 992 1886 permanens
1001 1809 1102 1867 sexto
1113 1803 1193 1867 idus
1202 1802 1226 1867 J
1228 1803 1303 1866 unii

353 1900 514 1982 spiritum
536 1900 737 1981 exhalavit3
761 1910 797 1966 et
818 1902 899 1966 inde
916 1902 1131 1967 Wintoniam
1152 1901 1303 1979 delatus,

350 1999 457 2083 juxta
487 2008 621 2084 patrem
647 2020 747 2064 suum
773 2000 966 2065 cnutonem
998 2001 1214 2084 sepulturam
1245 2020 1303 2065 ac·

192 2119 343 2160 savara·
354 2101 459 2182 cepit.
513 2099 623 2184 Cujus
639 2101 747 2164 frater
763 2099 988 2178 Eadwardus,
1005 2093 1198 2165 'annuente
1210 2100 1303 2164 clero

193 2169 305 2260 m
355 2206 391 2263 et
419 2199 560 2281 populo,
587 2199 623 2262 in
651 2218 765 2280 regem
792 2200 936 2277 electus,
964 2201 1008 2264 ab
1033 2199 1303 2282 archiepiscopis

355 2297 483 2362 Eadsio
519 2297 761 2362 cantuariensi
788 2306 824 2362 et
847 2296 981 2364 Alfrico
1014 2298 1226 2363 Eboracensi
1248 2291 1303 2361 'in

354 2396 410 2460 die
436 2397 582 2462 Paschae
607 2396 822 2460 Wintoniam
848 2404 1080 2461 consecratur.
1133 2398 1222 2462 Erat
1243 2416 1305 2461 au-

354 2502 424 2559 tem
450 2497 516 2561 iste
545 2495 759 2560 Eadwardus
782 2495 874 2559 filius
904 2497 995 2578 regis
1021 2495 1211 2573 Ethclredi,
1243 2497 1304 2578 qui

354 2593 420 2656 fuit
445 2593 609 2675 Eadgari,
631 2596 691 2677 qui
716 2594 782 2657 fuit
806 2594 1014 2672 Eadmundi,
1035 2596 1095 2677 qui
1118 2595 1184 2659 fuit
1209 2595 1302 2658 Ead-

355 2692 475 2766 wardi,
501 2693 560 2775 qui
583 2692 649 2756 suit
670 2693 805 2756 Alfredi
838 2695 955 2775 magni
983 2694 1087 2776 regis,
1111 2695 1213 2778 cujus
1242 2715 1302 2775 ge·

355 2790 516 2872 nealogia
549 2792 709 2874 superius
737 2792 937 2874 perducitur
963 2813 1073 2876 usque
1103 2792 1148 2857 ad
1175 2793 1303 2857 Adam.

356 2889 436 2953 Rex
460 2911 543 2955 vero
571 2891 798 2969 liudwardus,
820 2892 940 2955 statim
966 2893 1065 2956 utin
1089 2911 1207 2973 regem
1229 2901 1304 2957 erat

354 2998 544 3072 promotus,
555 2983 705 3054 *Emmae
721 2991 861 3071 reginae,
872 2992 976 3055 matri
986 3010 1072 3068 suae,
1084 2991 1249 3074 quicquid
1267 2992 1303 3055 in

354 3108 439 3154 auro
467 3089 588 3154 habuit
604 3098 640 3154 et
655 3097 799 3170 argento
822 3091 967 3154 abstulit
983 3092 1154 3173 rebusque
1175 3092 1305 3172 pretio-

353 3189 414 3264 sis,
434 3189 582 3271 eoquod
598 3188 798 3271 priusquam
824 3210 887 3253 rex
902 3189 1027 3266 fuerat,
1041 3189 1127 3253 nihil
1143 3188 1195 3252 illi
1219 3209 1301 3253 oon-

354 3287 481 3351 tulerat
497 3288 589 3369 quod
606 3289 766 3369 petebat;
791 3289 850 3352 sed
868 3297 982 3352 tamen
1004 3289 1036 3352 ei
1056 3288 1147 3370 apud
1164 3287 1304 3353 Winto·

353 3387 445 3449 niam
467 3387 693 3451 commoranti
711 3389 876 3469 praecepit
892 3389 1007 3451 omnia
1024 3386 1220 3453 necessaria
1240 3389 1303 3452 mi·

352 3485 503 3548 nistrari.

389 3692 511 3742 'Nomine
535 3687 682 3756 Gnutcoi,·]
710 3693 815 3755 ιΤονίο,
876 3689 930 3739 ’Ia
949 3692 989 3740 die
1001 3692 1133 3754 Pnacium]
1151 3693 1177 3741 in
1195 3693 1240 3742 the
1258 3694 1305 3744 fot·

351 3759 646 3827 Prudancognomento,'
664 3763 731 3812 Flor.
838 3761 934 3822 lowing
950 3776 1020 3822 year,
1045 3759 1181 3824 according
1199 3768 1225 3810 to
1246 3765 1304 3813 Flo-

839 3845 930 3892 rence3
947 3830 989 3879 the
1005 3836 1060 3880 text
1078 3845 1168 3894 agrees
1178 3832 1242 3880 with
1259 3833 1302 3884 the

385 3895 534 3949 'Annmte
556 3903 618 3950 clero
644 3906 668 3949 et
692 3900 812 3964 papea]
838 3900 1005 3950 Sax.Chron.

351 3967 470 4018 Florence
497 3971 610 4020 remarks
632 3971 687 4019 that
714 3971 736 4018 it
757 3984 812 4018 was
873 3967 987 4018 *ΕΜ
997 3969 1304 4033 regiaa.]'1'hisconduct

349 4039 434 4100 owing
445 4039 625 4101 chieflytothe
642 4040 769 4088 exertions
786 4038 815 4087 os
836 4039 866 4086 os
893 4039 1022 4088 Eadward
1050 4043 1077 4087 to
1099 4039 1139 4087 his
1160 4041 1259 4090 mother
1280 4044 1303 4091 is

349 4107 459 4157 Godwin
484 4110 534 4159 and
560 4110 650 4171 Living
669 4109 759 4171 bishop
784 4109 814 4158 oi
835 4108 914 4157 found
931 4109 958 4158 in
975 4109 1095 4159 Floreuce
1112 4109 1163 4158 aud
1179 4110 1222 4159 the
1239 4112 1301 4162 Sex.

349 4177 499 4230 worcester.
835 4178 927 4229 Chron.
