3000 5004
350 448 393 513 34
607 464 740 512 nocam
766 464 812 510 un
836 462 1042 515 wunnovnu

191 638 330 729 stomun
352 621 454 685 nibus
470 619 635 685 Adi-ianae
657 621 860 685 dclitchunt.
914 620 957 684 In
977 620 1049 683 ictu
1069 617 1157 682 radii
1179 635 1302 681 exsur-

215 688 277 730 ὼ
352 728 436 802 gent
473 739 626 802 aequora,
658 728 694 784 et
724 720 838 802 pulvis
868 727 1023 784 veterum
1054 717 1301 795 renovabitur3

352 818 542 901 confligant
567 821 661 884 venti
691 819 768 884 diro
793 819 944 896 flamine,
971 826 1006 883 et
1037 818 1188 913 sonitum
1212 816 1304 881 inter

352 917 467 982 sidera
481 918 686 983 conficient?

531 1091 580 1153 De
594 1089 696 1153 redita
711 1087 866 1153 Aurelii
852 1109 887 1153 cn
901 1088 1117 1153 Britanniam.

192 1231 316 1331 l¹1n¹¹w
255 1231 332 1271 tre«
404 1213 601 1298 Cumque
591 1235 628 1278 ιιι
659 1213 751 1277 hunc
784 1213 923 1278 modum
962 1213 1021 1277 diu
1059 1213 1301 1297 prophetasset

191 1342 256 1421 iffi
231 1332 287 1372 me·
355 1314 537 1390 Merlinus,
551 1315 730 1378 adstantes
746 1332 864 1377 omnes
880 1313 916 1376 in
933 1312 1195 1377 admirationem
1210 1333 1301 1377 com·

232 1381 261 1421 ι
354 1415 473 1479 movit.
526 1412 759 1494 vortigernus
787 1412 896 1493 igitur
921 1412 1053 1476 exitum
1080 1431 1183 1475 sunm
1211 1413 1301 1476 scire

353 1513 567 1589 desiderem,
600 1513 737 1595 rogavit
762 1511 928 1595 juvenem
962 1511 1028 1575 sihi
1059 1511 1174 1575 dicere
1209 1512 1302 1593 quod

353 1612 508 1690 sciebat;
541 1610 585 1674 ad
614 1630 717 1692 quem
748 1610 930 1688 Merlinus,
967 1609 1115 1692 ‘Ignem
1152 1610 1301 1675 filiorum

355 1710 577 1775 Constantini
599 1710 727 1791 diffuge
753 1711 784 1773 si
810 1710 925 1789 vales;
948 1729 1029 1773 nam
1052 1716 1191 1791 gentem
1211 1708 1301 1773 Sax-

355 1829 461 1872 onum
492 1808 743 1891 subjugabunt,
773 1817 809 1872 ct
838 1810 986 1892 teipsum
1012 1809 1104 1872 infra
1135 1808 1301 1892 oppidum
1363 1876 1369 1887 ‚

356 1907 546 1972 Genorinm
562 1892 740 1972 inclusum‘
746 1909 960 1973 comburent.
1014 1907 1204 1973 Rubehunt
1219 1927 1301 1971 san-

355 2009 459 2089 guine
490 2007 669 2072 Saxonum
698 2007 816 2084 facies,
843 2015 879 2072 et
909 2007 1090 2072 interfecto
1125 2006 1301 2089 chgisto

216 2130 301 2159 euno
357 2101 536 2171 ¹Aurelius
569 2105 776 2172 Ambrosius
801 2106 1046 2171 coronabitur!
1098 2105 1174 2170 Nec
1204 2126 1303 2171 mora

355 2213 442 2283 erat,
457 2226 535 2270 cnm
552 2207 705 2270 crastina
718 2206 791 2270 dies
808 2206 993 2283 illuxisset,
1008 2206 1176 2289 applicuit
1189 2203 1302 2271 Aure-

354 2305 421 2369 lius
450 2304 654 2370 Ambrosius
682 2303 892 2369 cumfratre
918 2324 983 2368 suo
1009 2304 1300 2388 Uterpendragon

354 2413 390 2468 et
403 2405 583 2469 innumera
598 2403 821 2468 multitudine
845 2413 1067 2470 armatorum.
1119 2403 1300 2468 Convene-

355 2511 436 2566 runt
453 2504 571 2583 itaque
588 2503 749 2566 Britones
772 2503 922 2586 undique
941 2503 1100 2585 dispersi,
1119 2510 1154 2566 ct
1170 2522 1299 2567 convo·

354 2610 433 2665 cato
457 2602 555 2682 regni
581 2600 674 2664 clero
696 2599 878 2664 Aurelium
902 2602 938 2665 iu
962 2621 1077 2684 regem
1101 2610 1299 2666 erexerunt.

354 2700 567 2763 Sublimatus
591 2707 719 2776 autem,
736 2700 901 2764 ccclesias
917 2701 961 2763 ad
978 2701 1089 2765 solum
1110 2720 1221 2782 usque
1240 2701 1300 2764 de·

354 2806 516 2875 structas,
535 2807 574 2861 ut
594 2800 720 2880 potuit,
736 2819 897 2881 reparare
917 2801 1066 2865 vacavit.
1118 2794 1223 2864 ²Erat
1237 2818 1300 2862 au-

355 2904 422 2960 tem
449 2897 568 2979 largus
586 2898 627 2961 in
644 2899 842 2961 muneribus
865 2899 1001 2976 dandis,
1024 2898 1165 2962 sedulus
1187 2898 1222 2961 in
1247 2898 1299 2962 di·

352 2997 442 3061 vinis
475 2997 662 3080 obsequiis,
693 2997 868 3061 modestus
895 2998 933 3061 iu
961 2999 1106 3074 cunctis,
1134 3005 1169 3060 ct
1195 3017 1299 3079 super

352 3098 469 3160 omnia
485 3097 700 3160 mendacium
715 3104 938 3179 postponens,
954 3096 1054 3161 sortis
1067 3096 1165 3180 pede,
1178 3095 1300 3160 sortior

352 3216 454 3278 equo,
469 3203 503 3259 et
521 3195 564 3259 ad
581 3195 770 3276 regendum
783 3197 971 3259 exercitum
986 3196 1152 3260 eruditus.
1204 3195 1300 3258 Tali·

352 3296 416 3358 bus
430 3296 616 3376 insignitus
635 3294 832 3371 virtutibus,
846 3295 939 3358 fama
956 3295 1064 3377 ipsius
1090 3296 1126 3358 in
1151 3294 1300 3358 nationi-

352 3395 415 3457 bus
431 3395 574 3459 celebris
590 3394 792 3457 habebatur.

508 3566 550 3628 Ut
574 3566 769 3648 Vortipcrans
785 3586 838 3627 ren
854 3563 993 3627 inccndio
1001 3566 1142 3650 perierit.

296 3726 301 3737 ·
405 3685 506 3750 Anno
532 3687 654 3768 gratiae
680 3704 867 3750 ccccuxvr.
896 3708 973 3751 cum
999 3689 1158 3753 Britanni
1185 3711 1298 3772 regem

354 3782 533 3848 Aurelium
556 3785 831 3862 cohortarentur,
849 3793 888 3849 ut
905 3787 940 3850 in
956 3786 1115 3853 Saxones
1134 3789 1300 3873 impetum

388 4141 688 4214 manummerias]
702 4147 806 4197 Ambro-
839 4149 925 4198 mouth
937 4154 962 4198 to
973 4149 1037 4199 have
1048 4151 1141 4200 lauded
1152 4153 1301 4205 at'l'otuess.

349 4218 403 4266 sius
414 4217 437 4265 is
448 4216 504 4265 said
524 4217 557 4277 hy
569 4216 688 4278 Geoffrey
700 4218 728 4266 ot
737 4219 809 4266 Mon·
866 4215 947 4268 ’Erat
957 4221 1059 4284 antem]
1070 4223 1118 4271 See
1126 4222 1228 4286 Gildas,
1239 4225 1301 4287 §ta
