3000 5004
345 424 411 488 326
598 434 732 484 nonani
758 435 805 480 nn
829 433 1038 481 wnuuovna

348 615 412 660 suo
433 592 585 656 dominio
611 589 860 669 subdiderunt3
883 589 975 673 quod
999 590 1079 652 inde
1094 588 1233 653 cuidam
1256 591 1309 654 in-

349 693 491 777 sipienti
507 691 678 766 ministro,
690 682 1036 766 nomine¹Ceolvvlfo,
1048 708 1090 752 eo
1107 698 1213 771 pacto
1227 710 1308 753 cus·

351 792 551 859 todiendum
568 789 797 864 tradiderunt,
815 797 855 851 ut
870 788 1148 871 quandocunque
1166 788 1309 868 vellent,

352 892 437 956 illud
461 891 527 954 sibi
550 888 693 972 pacifice
717 889 923 970 resignaret,
950 894 986 951 et
1008 890 1073 952 sub
1100 888 1167 952 hac
1189 889 1308 952 condi-

354 992 447 1055 tione
465 988 643 1054 obsidibus
662 988 767 1064 datie,
783 987 986 1051 fidelitatem
1002 987 1149 1070 paganis
1160 986 1307 1072 juravit.

411 1161 529 1245 Corpus
544 1159 645 1226 meti
664 1156 820 1224 Outhbevti
833 1156 872 1224 ab
888 1157 993 1224 ioculo
1009 1159 1267 1246 Medusamteusi

728 1265 875 1322 remotius
888 1266 941 1322 est.

191 1406 300 1448 aneu.
408 1381 513 1448 Anno
539 1383 681 1448 Domini
706 1399 914 1447 neceam.
932 1382 1066 1448 invisus
1093 1402 1310 1466 paganorum

188 1456 323 1548 miii?
357 1501 503 1547 acervus
532 1482 784 1565 Rependunam
811 1483 984 1560 deserens,
1010 1501 1121 1565 nuper
1143 1483 1311 1565 multipli-

191 1557 244 1596 ω
358 1589 471 1659 catus,
484 1582 521 1644 in
546 1582 633 1645 duas
654 1602 691 1646 se
716 1590 849 1646 turmas
865 1580 996 1658 divisit,
1017 1581 1116 1665 cujus
1133 1601 1216 1664 pars
1240 1601 1311 1646 nna

357 1701 435 1745 cnm
468 1699 549 1762 rege
571 1674 752 1745 ²Haldene
775 1680 1160 1745 Northanhumbrorum
1188 1689 1311 1763 petens

358 1779 534 1860 regionem
556 1778 662 1863 juxta
686 1779 813 1844 flumen
842 1780 942 1863 Tyne
966 1779 1154 1862 hyemavit,
1182 1787 1309 1845 totam·

358 1897 426 1960 que
455 1877 668 1961 provinciam
707 1879 803 1943 illam
837 1899 901 1943 suo
936 1879 1105 1944 desiderio
1139 1879 1307 1963 subjecit;

359 1974 479 2042 Pictos
509 1997 604 2055 vero,
643 1998 776 2042 necnon
814 1986 850 2044 et
883 1978 1091 2055 Wallenses,
1127 1978 1308 2043 dirissimis

358 2075 601 2141 afflictionibus
619 2078 792 2160 fatigavit.
837 2077 937 2143 Tunc
953 2077 1153 2157 Bardulius,
1172 2078 1310 2142 Lindis·

358 2174 530 2240 sarnensis
556 2177 751 2260 episcopus,
781 2184 816 2242 et
842 2178 949 2242 abbas
972 2176 1151 2242 Eadredus
1183 2197 1310 2261 corpus

359 2275 453 2340 beati
488 2275 672 2341 cuthberti
702 2276 875 2359 pontificis
906 2276 949 2341 de
977 2276 1091 2341 insula
1117 2277 1310 2341 lindisfar-

360 2375 458 2437 nensi
483 2373 655 2452 tollentes,
676 2395 738 2458 per
754 2383 887 2458 septem
913 2395 1023 2440 annos
1050 2376 1188 2459 profugi
1202 2395 1311 2459 vaga-

359 2473 497 2536 bantur.
549 2472 673 2538 Altera
687 2482 803 2539 autem
820 2495 901 2558 pars
918 2475 1104 2553 exercitus,
1119 2496 1197 2540 cum
1214 2469 1309 2559 ³Gy·

360 2578 427 2647 tro,
458 2569 604 2636 Oskctel
642 2580 677 2637 et
710 2573 912 2651 Hamundo,
941 2575 1080 2656 regibus
1117 2575 1310 2653 Danorum,

360 2670 404 2734 ad
430 2668 667 2755 Grantbrigge
697 2692 735 2736 se
758 2673 938 2738 conserens
968 2674 1144 2757 hyemavit
1170 2676 1309 2740 ibidem.

361 2768 492 2833 Eodem
518 2789 610 2835 anno
633 2771 669 2834 in
692 2779 815 2836 aestate
830 2792 893 2838 rex
908 2771 1083 2851 Alfredus,
1100 2783 1224 2856 parato
1248 2793 1309 2839 na·

360 2869 467 2949 vigeo,
485 2888 579 2933 mare
606 2871 816 2949 conscendit,
841 2873 899 2936 ubi
919 2880 1049 2955 septem
1075 2893 1182 2938 naves
1201 2893 1311 2957 nuper

359 2969 567 3033 adventatas
576 2969 848 3052 deprehendens,
859 2991 961 3036 unam
971 2972 1113 3037 retinuit
1123 2981 1159 3037 et
1167 2981 1313 3039 caeteras

358 3068 393 3130 in
410 3067 529 3151 fugam
544 3070 726 3133 convertit.

375 3239 424 3304 De
438 3241 553 3326 traceio
568 3241 650 3306 ustor
664 3261 762 3327 repom
775 3240 945 3326 Alsradtuu
957 3251 986 3309 ot
993 3244 1102 3309 Dauos
1116 3245 1296 3311 ommitutio.

196 3383 251 3423 nn.
261 3381 306 3423 sie.
409 3363 513 3429 Anno
529 3334 671 3433 Domini
686 3361 1106 3432 nccenxxv1.⁴nefandus
1119 3368 1309 3434 infidelium

195 3433 324 3525 pawn
359 3483 488 3528 cuneus
515 3473 617 3529 nocte
643 3463 881 3549 Grantbrigge
906 3466 1104 3549 relinquens
1126 3466 1172 3531 ad
1196 3469 1309 3551 regio·

358 3582 436 3626 nem
463 3563 755 3628 west-saxonum
780 3566 877 3629 venit
902 3575 938 3630 et
960 3566 1128 3630 Warham
1156 3576 1309 3632 castrum

358 3670 565 3743 occupatum
583 3662 736 3726 intravit.
779 3664 844 3729 Est
860 3665 908 3727 ibi
919 3667 1166 3730 monasterium
1180 3667 1308 3732 sancti·

389 3855 398 3888 ¹
413 3859 547 3923 eccleisa]
568 3861 650 3910 called
662 3862 695 3924 by
707 3862 820 3927 Ingulph
845 3863 980 3927 cuthbert,
990 3865 1075 3915 which
1086 3866 1109 3914 is
1120 3865 1182 3916 hom
1194 3868 1302 3918 Simeon.

356 3927 448 3977 ‘miser
458 3929 612 3994 subregulus
622 3931 640 3993 3'
649 3947 675 3993 p.
687 3936 729 3982 2⁷.
879 3931 890 3964 ³
912 3934 1025 3998 Gyae]
1060 3935 1219 3999 ‘Godrnno,'
1248 3939 1308 3987 Su.

390 3995 545 4063 ‘Humi
562 4002 570 4029 ‘
580 3998 741 4064 Healfdene,’
758 4003 819 4053 Sex.
845 4003 956 4064 Chron.;
981 4004 1114 4068 ‘Gothia'
1135 4021 1164 4055 or
1185 4006 1310 4071 ‘Godto,'

284 4099 287 4104 J
355 4067 820 4133 Chron.;‘Healtene,'Asser,vvhere
844 4073 933 4123 Aeser.

354 4137 425 4187 these
436 4144 577 4190 eventsare
590 4141 695 4203 related,
703 4141 765 4190 with
778 4143 819 4190 the
879 4142 889 4172 ⁴
915 4143 1040 4202 choudus
1068 4141 1237 4216 infidelium]
1275 4148 1308 4197 So

354 4210 487 4270 exception
505 4211 535 4260 os
550 4210 592 4258 the
616 4213 724 4261 removal
743 4212 772 4260 os
792 4214 817 4261 S.
830 4268 833 4280 Ι
844 4212 924 4263 Aeser
934 4214 984 4263 and
996 4213 1038 4263 tho
1049 4214 1109 4264 San.
1121 4214 1215 4267 Chron.
