3000 5004
346 445 412 509 360
602 457 737 505 noorai
762 457 809 504 on
833 454 1043 503 wnuoovan

348 623 389 678 ut
408 612 612 695 praedictum
630 620 695 687 est,
713 610 925 685 resederant,
945 608 989 671 ad
1007 607 1220 671 Hasteinum
1243 627 1300 671 ve-

350 713 484 777 nientes
518 712 644 775 ibidem
669 728 834 790 magnum
860 706 1083 771 confecerunt
1107 708 1297 770 exercitum

350 810 567 874 bellatorum.
620 807 719 871 Tune
751 807 815 883 illi,
845 825 933 887 quos
961 825 1023 869 rex
1050 804 1218 869 Alsredus
1255 804 1298 867 ad

350 908 430 972 illos
456 907 728 990 expugnandum
754 905 945 981 dimiserat,
967 905 1101 988 junctis
1122 904 1190 967 sibi
1215 903 1299 966 civi·

351 1007 416 1069 bus
435 1006 747 1080 Londoniensibus,
764 1004 909 1084 aliisque
925 1003 1009 1066 viris
1033 1002 1219 1079 bellicosis,
1240 1001 1298 1082 qui

352 1124 397 1166 ex
419 1104 545 1167 finibus
562 1102 947 1168 Northanhumbrorum
964 1110 1000 1165 et
1015 1101 1300 1181 East-anglorum

352 1202 397 1265 ad
418 1204 619 1266 mandatum
637 1202 728 1282 regis
751 1201 975 1275 advenerant,
990 1199 1034 1262 ad
1050 1199 1299 1263 Beamfleotam

352 1301 524 1364 hostiliter
548 1300 765 1376 accedenteS,
783 1299 992 1361 Hasteinum
1019 1298 1056 1361 in
1080 1296 1208 1379 oppido
1232 1316 1300 1360 non

352 1400 580 1478 invenerunt;
610 1398 671 1462 scd
699 1405 814 1461 tamen
845 1403 968 1460 contra
992 1397 1105 1459 socios
1129 1395 1219 1479 ejus,
1242 1396 1300 1477 qui

352 1517 397 1561 ex
428 1498 555 1580 oppido
596 1496 764 1560 adversus
800 1514 860 1558 eos
892 1495 1061 1571 exierant,
1095 1492 1301 1575 gravissimo

352 1596 472 1676 praelio
494 1596 688 1671 commisso,
716 1596 752 1657 in
779 1595 890 1676 prima
913 1593 1155 1673 congressione
1184 1593 1220 1655 in
1246 1591 1301 1654 fu·

352 1712 432 1774 gam
466 1713 525 1757 eos
558 1693 780 1775 compellunt,
812 1692 975 1774 oppidum
1008 1689 1212 1755 invadentes
1242 1690 1301 1754 de·

352 1799 505 1868 struunt,
542 1810 686 1854 uxorem
726 1791 892 1854 Hasteini
930 1809 1007 1853 cum
1048 1789 1182 1853 duobus
1221 1788 1299 1852 filiis

353 1889 429 1972 ejus
453 1889 601 1952 vinculis
634 1890 889 1970 constringunt,
917 1907 1024 1952 naves
1050 1886 1217 1969 quasdam
1247 1888 1300 1950 in·

353 1988 516 2065 cendunt,
546 1987 715 2070 quasdam
750 1989 794 2051 ad
826 1989 945 2052 urbem
980 1985 1166 2050 Rofensem
1195 1985 1303 2049 addu-

353 2095 449 2164 cunt,
465 2107 608 2151 uxorem
627 2087 790 2150 Hasteini
813 2106 890 2150 cum
914 2086 986 2148 suis
1012 2085 1092 2149 filiis
1115 2085 1159 2149 ad
1182 2086 1300 2148 urbem

354 2184 552 2250 Londonias
576 2187 827 2249 transmittunt.
879 2185 937 2260 Et,
956 2184 1008 2247 his
1029 2185 1081 2248 ita
1102 2183 1222 2265 gestis,
1238 2203 1300 2247 rex

353 2280 517 2348 Alsredus
549 2286 709 2367 paganis,
741 2303 805 2366 pro
837 2285 963 2364 quibus
997 2282 1167 2346 Exoriam
1202 2283 1301 2359 ierat,

355 2381 423 2445 levi
450 2385 590 2464 negotio
614 2382 800 2466 superatis,
830 2381 1027 2445 dilaceratis
1053 2389 1089 2445 et
1117 2381 1161 2445 ad
1194 2400 1302 2444 naves

354 2479 497 2561 fugatis,
513 2500 672 2544 reversus
688 2488 741 2544 est
764 2481 807 2544 ad
826 2480 1100 2544 londoniensem
1114 2480 1301 2557 civitatem,

354 2579 414 2640 ubi
451 2598 565 2642 comes
602 2580 807 2643 Ethelredus
845 2599 988 2643 uxorem
1022 2579 1184 2642 Hasteini
1223 2598 1300 2641 cum

353 2676 487 2740 duobus
513 2677 593 2739 filiis
615 2680 688 2759 regi
712 2679 949 2759 praesentavit,
967 2685 1088 2760 petens
1110 2678 1301 2761 adjudicari

353 2774 436 2855 quid
459 2775 502 2838 de
525 2795 635 2839 uxore
660 2777 813 2860 ejusdem
838 2777 1023 2859 proditoris
1049 2785 1085 2839 et
1109 2777 1188 2838 filiis
1213 2776 1302 2839 foret

353 2875 537 2953 agendum,
565 2875 625 2955 qui
651 2882 804 2956 pactum,
826 2874 917 2956 quod
943 2894 1020 2938 cum
1048 2893 1129 2955 rege
1159 2875 1300 2956 pepige-

353 2973 436 3053 rat,]
453 2966 625 3037 ¹violavit.
666 2973 766 3035 Tunc
781 2993 859 3036 cum
875 2974 919 3036 ab
937 2972 1094 3035 omnibus
1104 2972 1299 3055 judicatum

351 3070 474 3134 suisset
497 3073 592 3153 ipsos
617 3078 727 3134 morte
754 3072 952 3153 turpissima
978 3089 1054 3134 esse
1076 3071 1214 3151 dignos,
1238 3091 1299 3134 rex

351 3170 462 3233 noluit
486 3171 535 3233 eis
559 3171 743 3252 quicquam
771 3169 853 3232 mali
882 3170 1006 3245 facere,
1032 3168 1186 3250 eoquod
1210 3169 1299 3232 idem

351 3288 412 3330 rex
439 3288 546 3331 unum
571 3288 617 3331 ex
644 3269 760 3349 pueris
790 3269 874 3344 suis,
897 3279 937 3331 ut
964 3267 1122 3349 superius
1150 3266 1297 3330 relatum

349 3374 415 3442 est,
439 3367 481 3430 de
508 3386 607 3430 sacro
634 3366 730 3430 sonte
756 3374 956 3448 susceperat
986 3373 1022 3429 et
1050 3365 1155 3428 alium
1184 3386 1299 3430 comes

349 3463 568 3542 Ethelredus,
593 3464 653 3527 sed
678 3473 749 3528 tam
771 3472 917 3528 matrem
940 3484 1046 3545 quam
1067 3482 1191 3545 pueros
1214 3465 1298 3529 libe·

348 3583 405 3626 ros
423 3564 519 3627 abire
537 3563 705 3646 permisit.

461 3709 511 3771 De
523 3711 619 3793 proci
636 3711 772 3793 quadam
781 3711 1002 3794 persecutione,
1017 3732 1079 3796 qua
1094 3710 1186 3776 Doni

703 3810 829 3873 contriti
844 3818 925 3873 suat.

186 3947 296 3989 aona
396 3927 500 3993 Anno
518 3930 659 3994 Domini
682 3949 860 3996 nccorrGV.
878 3925 1086 3995 ²Formosus
1103 3951 1195 4015 papa
1211 3934 1301 3998 sedit

382 4075 535 4145 ¹Violooit.]
559 4081 595 4128 At
612 4081 663 4130 this
680 4084 751 4143 point
767 4098 807 4131 we
834 4083 894 4145 logy
905 4083 934 4131 oi
943 4084 1078 4133 Formosus
1090 4084 1140 4133 and
1151 4084 1242 4135 thesix
1254 4086 1300 4136 iol·

343 4155 429 4199 return
440 4153 466 4196 to
477 4149 519 4197 the
530 4151 695 4212 manuscript.
834 4153 929 4216 lowing
945 4168 1025 4214 popes
1042 4155 1064 4202 is
1082 4154 1215 4216 innormat,
1232 4171 1262 4204 ns
1278 4157 1300 4205 is

379 4214 530 4268 'Formosas
536 4220 621 4282 popa]
638 4220 691 4270 Tha
703 4221 807 4272 chrono-
834 4223 903 4273 clear
920 4222 984 4272 from
1002 4223 1046 4273 the
1064 4228 1200 4273 statement
1220 4226 1300 4275 above
