3000 5004
348 426 414 494 208
602 441 737 489 noouar
763 441 809 488 nn
833 438 1040 491 wnunovmt

348 602 463 666 lomaei
499 600 697 684 specialiter
713 600 942 683 protectione
980 599 1154 680 conlisus3
1193 600 1305 682 igitur

350 700 552 783 aliquandiu
577 702 625 764 ibi
647 706 873 765 conversatus
895 698 940 762 ad
964 699 1100 764 sodales
1118 699 1233 776 rediit,
1255 717 1302 763 ex

351 802 477 882 quibus
495 819 611 863 secum
629 800 763 863 duobus
780 799 897 882 pueris
913 800 1066 882 acceptis
1088 798 1132 862 ad
1149 799 1300 863 insulam

350 900 475 964 iterum
493 900 685 980 repedavit,
699 900 758 963 ubi
773 898 969 981 spiritualia
982 898 1189 963 fiducialiter
1203 918 1305 966 arma

351 999 533 1080 arripiens,
559 998 706 1064 viriliter
733 997 884 1068 Domino
906 997 1081 1063 militavit.
1127 997 1214 1062 Erat
1240 1017 1303 1062 au-

351 1103 422 1161 tem
448 1099 485 1161 in
508 1098 573 1162 hac
601 1098 718 1162 insula
744 1097 901 1161 cumulus
935 1098 1065 1179 agresti
1090 1097 1193 1179 gleba
1217 1117 1301 1163 con·

351 1205 484 1278 gestus,
508 1198 543 1261 iu
565 1199 665 1282 cujus
690 1197 800 1261 latere
824 1196 925 1278 quasi
948 1198 1099 1261 cisterna
1117 1196 1304 1261 videbatur

350 1296 476 1375 inesse,
489 1296 548 1360 ubi
565 1297 705 1379 tugurio
719 1297 784 1360 Dei
801 1316 923 1360 servus
936 1296 1128 1380 composito
1145 1296 1304 1362 habitare

351 1396 532 1479 iucipiens,
556 1416 619 1460 nec
641 1396 733 1460 lineo
751 1415 814 1459 nec
835 1396 936 1459 laneo
952 1394 1094 1459 indutus
1112 1397 1303 1479 vestimen·

352 1502 402 1573 to,
423 1496 573 1578 pellibus
599 1494 839 1560 tantummodo
869 1496 1057 1575 utebatur3
1089 1496 1302 1560 abstinentia

352 1602 451 1659 tanta
466 1595 502 1658 in
519 1615 560 1659 eo
573 1595 651 1672 fuit,
673 1602 712 1658 ut
727 1601 807 1676 post
823 1594 907 1657 solis
922 1613 1083 1658 occasum
1106 1595 1182 1658 sola
1198 1595 1305 1677 panis

352 1693 533 1757 hordeacei
549 1693 721 1775 particula
736 1701 772 1757 et
787 1712 888 1776 aquae
904 1694 1030 1775 poculo
1044 1701 1213 1759 uteretur.
1362 1760 1368 1771 ,

397 1791 559 1870 Quadam
573 1813 656 1857 vero
666 1791 721 1856 die
735 1812 813 1856 cum
828 1792 945 1857 studio
959 1800 1136 1858 consuetae
1152 1793 1306 1858 medita·

352 1892 456 1955 tionis
470 1893 676 1968 intenderet,
692 1891 761 1956 duo
775 1892 947 1956 daemones
963 1892 1000 1955 in
1015 1892 1135 1956 habitu
1148 1891 1301 1958 humano

352 1992 468 2056 subito
495 1992 717 2068 adstiterunt,
732 1992 792 2073 qui
809 2011 888 2054 eum
913 1992 963 2055 sic
981 1991 1198 2055 familiariter
1211 1993 1307 2058 allo-

352 2101 518 2174 quuntur,
533 2097 542 2126 ‘
557 2090 633 2155 Nos
651 2092 788 2174 experti
805 2110 924 2154 sumus
940 2090 1020 2154 fidei
1038 2098 1108 2155 tuae
1123 2091 1305 2156 fortitudi-

351 2211 430 2255 nem
459 2199 494 2256 et
519 2191 721 2274 patientiam
753 2190 998 2267 invincibilem,
1019 2197 1056 2255 et
1086 2191 1164 2255 ideo
1189 2199 1224 2255 te
1246 2193 1304 2256 in-

352 2293 507 2374 quietare
521 2310 709 2367 cessamuS,
725 2290 866 2371 insuper
884 2290 989 2354 etiam
1012 2289 1056 2354 de
1079 2292 1301 2372 antiquorum

352 2392 615 2455 conversatione
638 2390 880 2453 heremitarum
903 2396 937 2454 te
960 2389 1119 2454 volumus
1151 2390 1300 2456 erudire.

354 2489 473 2553 Moses
488 2498 523 2554 et
539 2489 676 2566 Helias,
693 2488 821 2570 aliique
839 2497 956 2574 patres
978 2489 1124 2573 antiqui,
1142 2490 1219 2553 Deo
1239 2511 1304 2574 per

353 2589 498 2652 multam
533 2589 778 2652 abstinentiam
809 2589 1042 2671 placuerunt;
1076 2592 1302 2672 quamobrem

347 2687 522 2772 jejunium
548 2708 617 2751 uon
640 2688 745 2752 biduo
767 2696 903 2752 tantum
931 2688 987 2751 vel
1009 2687 1124 2752 triduo
1157 2706 1307 2755 servan-

352 2786 434 2850 dum
459 2793 524 2864 est,
547 2787 608 2851 sed
628 2787 765 2870 integra
786 2789 903 2869 potius
929 2787 1135 2869 septimana,
1149 2796 1189 2853 ut
1211 2789 1307 2855 sicut

354 2887 451 2951 Deus
477 2907 542 2952 sex
567 2887 688 2951 diebus
719 2887 883 2950 mnndum
908 2886 1071 2952 formavit
1093 2894 1129 2952 et
1152 2889 1304 2971 septimo

353 2988 536 3071 requievit,
559 2988 609 3050 sic
634 2987 736 3051 homo
762 3007 826 3050 sex
846 2987 968 3051 diebus
984 2986 1150 3071 jejunans
1178 2987 1304 3055 debeat

353 3088 512 3170 spiritum
536 3086 733 3164 reformare,
757 3086 905 3168 septimo
935 3086 1118 3151 comedens
1149 3088 1303 3170 requiem

353 3187 451 3251 carni
475 3185 579 3250 dare.'
631 3186 711 3250 Hoc
728 3186 783 3250 vir
803 3187 870 3250 Dei
891 3187 1011 3250 audito
1034 3185 1085 3250 sic
1112 3186 1307 3269 respondit,

353 3286 633 3351 ‘Convertuntur
657 3295 858 3362 retrorsum,
881 3285 942 3368 qui
963 3294 1126 3369 quaerunt
1151 3286 1305 3351 animam

354 3406 465 3450 meam
491 3394 531 3450 ut
551 3385 711 3450 auferant
733 3404 809 3448 eam
823 3385 845 3464 ;'
876 3391 912 3448 et
938 3404 1033 3461 mox,
1064 3405 1160 3449 more
1187 3387 1307 3468 quoti}

354 3485 458 3550 diano
480 3485 686 3568 particulam
710 3484 890 3548 hordeacei
911 3484 1013 3566 panis
1040 3483 1194 3566 accepit3
1228 3504 1307 3550 ma-

353 3584 440 3665 ligni
462 3593 578 3649 autem
602 3584 745 3667 spiritus
763 3583 973 3661 recedentes,
989 3583 1066 3648 loca
1087 3583 1149 3646 illa
1167 3585 1308 3650 moestis

354 3684 593 3764 questionibus
609 3683 853 3766 impleverunt.
893 3682 982 3747 Post
996 3678 1082 3759 hae'c,
1099 3684 1198 3748 brevi
1216 3691 1309 3748 tem·

268 3792 273 3802 “
353 3800 436 3862 pore
453 3782 646 3864 interjecto,
669 3783 749 3845 dum
764 3784 818 3846 vir
840 3784 975 3861 beatus,
1000 3788 1039 3847 ut
1058 3781 1206 3861 solebat,
1223 3803 1307 3849 ora·

353 3879 504 3944 tionibus
529 3882 737 3965 intempesta
762 3890 864 3946 nocte
891 3883 975 3965 vigil
998 3882 1226 3961 incumberet,
1250 3890 1333 3948 te-·

353 3981 483 4043 terrimi
501 3981 644 4063 spiritus
660 3989 771 4045 totam
786 3981 945 4046 cellulam
961 3982 1215 4065 impleverunt;
1240 4003 1306 4050 nee

353 4100 461 4159 mora,
486 4081 599 4144 virum
626 4081 693 4144 Dei
724 4081 867 4165 ejiciunt
897 4081 1044 4162 ligatum
1066 4081 1111 4145 de
1141 4081 1242 4160 cella,
1268 4091 1306 4148 et

352 4183 501 4247 coenosis
523 4181 685 4246 laticibus
711 4189 797 4246 atrae
820 4180 957 4266 paludis
985 4183 1218 4265 immergunt3
1244 4183 1307 4251 de-
