3000 5004
342 460 408 528 164
602 472 737 522 uocum
761 473 809 520 nu
832 471 1041 522 wnnoovnu

347 642 430 700 sunt
456 632 606 698 ordinati
630 652 694 716 pro
718 653 771 709 eo,
789 631 887 697 Acca
901 632 1063 697 videlieet
1085 638 1121 696 et
1139 628 1299 694 Bedewi-

347 753 425 810 nus,
440 753 485 796 ex
507 751 576 815 quo
594 733 772 815 provincia
796 733 858 796 illa
879 731 967 796 duos
985 732 1166 815 episcopos
1189 729 1300 792 multo

347 841 503 914 tempore
525 832 651 895 habere
676 832 878 911 consuevit3
902 832 1228 895 hahueruntautem
1244 847 1300 891 se·

347 932 420 1009 des,
442 951 532 994 unus
560 931 651 1014 apud
669 931 851 1006 Dommoc,
876 930 965 994 alter
988 929 1082 1013 apud
1096 928 1298 993 Helmham.

349 1024 444 1094 ¹Nec
461 1030 570 1094 multo
586 1036 667 1111 post
679 1028 883 1094 Theodorus
900 1029 1181 1112 archiepiscopus
1196 1027 1300 1091 Win-

348 1129 438 1193 srido
456 1129 665 1192 Marciorum
680 1129 843 1210 episcopo
860 1148 923 1211 pro
945 1128 1179 1192 inobedientia
1193 1126 1301 1191 olien-

348 1248 409 1294 sus
432 1228 593 1309 deposuit
608 1247 698 1304 eum,
717 1234 754 1290 et
771 1228 848 1292 loco
870 1228 947 1311 ejus
969 1228 1145 1291 ordinavit
1165 1227 1301 1309 episco-

347 1348 431 1412 pum
456 1321 677 1402 ‘Sexwlsum
703 1328 763 1407 qui
788 1335 864 1391 erat
885 1334 1105 1391 constructor
1135 1333 1172 1389 et
1193 1326 1302 1389 abbas

349 1427 563 1503 monasterii,
581 1424 673 1508 quod
701 1425 829 1490 dicitnr
842 1420 873 1460 ⁸‘
886 1424 1246 1502 Medmeshamstede,’
1263 1426 1301 1487 in

349 1527 491 1608 regione
521 1524 733 1589 Girviorum.
787 1526 977 1608 Depositus
1000 1546 1083 1590 vero
1106 1523 1303 1589 winfridus

351 1626 455 1689 rediit
471 1624 515 1687 ad
529 1625 777 1688 monasterium
794 1643 908 1700 sunm,
919 1625 1011 1707 quod
1026 1625 1154 1688 dieitur
1168 1617 1302 1688 ‘Adha-

350 1743 448 1800 rnnc,
466 1723 524 1787 ubi
538 1723 575 1785 in
591 1723 724 1806 optima
737 1724 1000 1788 conversatione
1012 1723 1121 1788 vitam
1139 1723 1264 1788 finivit.

485 1893 535 1957 Dc
548 1902 653 1958 cando
668 1894 875 1959 Erkanwchio
889 1896 1026 1980 episcopo
1040 1893 1182 1959 london.

192 2040 301 2084 anor.
403 2014 508 2080 Anno
530 2016 653 2098 gratioe
673 2034 837 2082 nccxxu
855 2020 1082 2101 regnantibus
1104 2019 1140 2082 in
1161 2018 1304 2100 regione

190 2090 328 2191 mim
351 2114 571 2180 orientalium
602 2116 779 2180 Saxonum
805 2117 931 2193 Sehha,
961 2117 1033 2181 tilio
1068 2117 1235 2194 sewardi,
1267 2122 1304 2180 et

191 2192 290 2239 ¹⁰⁰⁶⁰⁰⁵
353 2215 533 2298 Sigehero,
547 2214 620 2278 tilio
632 2214 804 2297 Sigeberti
818 2217 930 2299 parvi,
941 2216 1157 2294 Theodorus,
1166 2215 1304 2281 Cantioe

352 2316 646 2399 archiepiscopus,
657 2308 943 2379 ⁵Erkenwaldum
959 2317 996 2380 in
1012 2317 1154 2381 civitate
1166 2315 1305 2380 Londo-

353 2415 464 2478 niensi
496 2415 696 2496 episcopum
726 2414 912 2479 ordinavit.
965 2414 1037 2479 Hic
1061 2434 1157 2492 sanc,
1189 2416 1305 2498 prius-

354 2532 467 2596 quam
486 2514 670 2594 episcopus
691 2512 804 2576 l'actus
835 2514 970 2592 suisset,
995 2514 1064 2579 duo
1092 2515 1304 2579 monasteria

354 2610 535 2693 praeclara,
548 2629 653 2674 unum
673 2612 739 2674 sihi
752 2621 788 2677 et
797 2613 944 2677 alterum
954 2613 1180 2696 Athelburgae
1195 2613 1307 2678 sorori

355 2729 441 2785 suae,
474 2718 729 2788 construxerat,
759 2712 852 2794 quod
876 2720 1062 2796 utrumque
1086 2714 1305 2795 regularibus

355 2810 554 2873 instituerat
573 2809 775 2892 disciplinis,
793 2830 894 2874 suum
913 2805 1154 2889 ⁶‘Certeseie,’
1175 2814 1305 2877 sororis

354 2917 472 2973 autem
503 2907 755 2991 ‘Berlingum’
792 2910 999 2992 appellatur.
1053 2911 1306 2976 Erkenwaldus

355 3028 450 3085 vero,
473 3027 551 3071 cum
566 3016 722 3090 tempore
739 3009 888 3091 quodam
909 3029 1003 3092 aeger
1020 3011 1165 3094 pedibus
1182 3011 1307 3076 lectica

355 3108 555 3191 parochiam
578 3108 751 3184 circuiret,
768 3108 812 3171 ad
834 3128 931 3172 oram
954 3113 1066 3174 amnis
1089 3110 1305 3194 rapacissimi

355 3207 444 3271 forte
454 3207 623 3290 pervenit,
632 3207 691 3270 ubi
703 3225 780 3269 cum
792 3206 877 3271 socii
889 3208 1100 3286 haesitarent,
1111 3209 1203 3294 quod
1213 3210 1308 3273 intir-

354 3326 432 3370 mus
445 3326 506 3370 nec
521 3325 611 3388 equo
627 3325 690 3369 noc
704 3306 849 3387 pedibus
867 3308 1014 3372 transire
1030 3309 1158 3373 flumen
1175 3315 1305 3393 posset,

391 3554 398 3584 ¹
419 3557 471 3606 Nec
490 3559 565 3606 multo
582 3556 656 3620 post]
685 3557 719 3606 So
738 3556 820 3618 Beda,
879 3554 1189 3628 ‘Bromummis
1201 3566 1310 3612 account

355 3624 445 3692 §hm
463 3626 593 3687 sceAngl.
606 3626 676 3674 Sacr.
693 3626 711 3674 i.
723 3642 750 3688 p.
761 3630 819 3676 luo.
845 3627 948 3676 isirom
967 3629 1048 3691 Beda,
1070 3627 1156 3694 §m
1194 3631 1245 3680 llic
1264 3631 1308 3681 liic

390 3693 568 3754 'Sexwlsam.]
595 3693 716 3742 Wharton
734 3695 820 3744 thinks
845 3697 879 3758 by
897 3696 1046 3748 Gotccliuns
1065 3699 1087 3747 ic
1106 3701 1207 3762 printed
1223 3703 1250 3750 in
1266 3701 1309 3750 the

355 3764 396 3812 his
407 3762 483 3812 death
494 3762 586 3813 should
597 3764 628 3811 be
639 3762 730 3825 placed
741 3765 768 3812 iu
779 3765 820 3814 the
845 3769 913 3815 Acta
922 3767 968 3817 88.
980 3768 1063 3830 April.
1073 3769 1112 3820 iii.
1123 3784 1150 3831 p.
1162 3773 1221 3821 780.

355 3846 418 3895 year
428 3836 485 3881 6⁹1.
522 3833 599 3894 Angl.
612 3833 682 3882 Sacr.
694 3832 711 3881 i.
723 3837 781 3883 m.

390 3898 662 3964 'Medaeslamrreueq
685 3901 753 3950 Now
771 3903 821 3951 Pe·
879 3899 1047 3971 wemma]
1063 3907 1118 3957 'l'he
1136 3908 1228 3971 ubbey,
1247 3910 1311 3959 with

356 3971 517 4034 terhorough.
537 3971 640 4020 Smith’s
652 3970 716 4020 Bed.
728 3986 755 4033 p.
765 3976 822 4034 150,
847 3972 946 4023 Beocca
973 3975 1015 4025 the
1045 3977 1131 4039 abbat,
1152 3978 1203 4027 and
1225 3980 1312 4041 ninety

356 4045 412 4090 note
423 4038 440 4090 ¹.
846 4043 945 4104 monks,
955 4059 1010 4093 was
1021 4046 1156 4109 destroyed
1169 4054 1197 4097 at
1207 4048 1249 4098 the
1260 4049 1311 4098 end

390 4109 565 4172 nauum]
591 4109 673 4170 Beda,
692 4110 752 4158 ‘Ad
771 4111 822 4160 Ba·
846 4111 875 4161 oi
882 4112 923 4161 the
932 4114 1003 4163 ninth
1010 4121 1116 4178 century
1123 4118 1157 4179 by
1164 4117 1207 4167 the
1215 4118 1314 4179 Danas,

355 4181 437 4241 ruae3'
455 4181 670 4240 Barrowe,orAt
686 4181 777 4229 llarwe
795 4182 820 4228 in
846 4182 897 4230 and
931 4182 1082 4235 afterwards
1110 4186 1250 4237 reiounded
1278 4189 1313 4251 by

357 4249 539 4301 Liucolnshire.
574 4250 683 4311 Teucer,
696 4250 802 4301 Liuor.
847 4251 959 4313 Eadgar.
995 4254 1110 4317 Dngdal.
1120 4257 1139 4307 i.
1151 4272 1178 4319 p.
1189 4261 1247 4308 ⁴22.
