3000 5004
386 484 525 533 anonas
549 484 817 532 ursromnuuu.
1011 469 1077 533 433

122 640 230 721 igitur
255 639 486 704 cardinalibus
514 658 579 702 sua
602 639 661 703 diu
686 640 841 703 facinora
868 641 1074 724 deploravit,
1088 659 1206 710 naono

123 739 249 821 quibus
270 739 450 821 inopinato
466 745 608 820 stupore
631 740 797 820 perculsis
813 742 1073 821 necquicquam
1087 712 1181 753 (Μ

123 838 219 920 loqui
235 838 444 912 valentibus,
459 837 517 899 ille
532 857 604 919 prae
621 837 738 901 dolore
756 838 918 904 hebetata
940 841 1073 904 ratione

123 938 319 1001 minutatim
339 956 377 999 se
400 936 560 999 dilaniari
581 944 617 999 ct
639 939 854 1000 membratim
877 938 969 1002 soras
991 959 1073 1020 pro·

119 1035 182 1118 jici
200 1035 328 1119 jussit;
364 1034 553 1110 ‘Habeat,'
575 1035 699 1115 inquit,
724 1038 975 1100 ‘membrorum
998 1036 1072 1100 offi-

123 1136 227 1211 cium,
250 1136 309 1217 qui
332 1153 448 1198 eorum
472 1134 633 1214 quaesivit
659 1132 869 1214 homagium,
891 1155 970 1198 nam
997 1138 1071 1199 ani·

122 1254 199 1296 mus
215 1254 311 1297 meus
323 1252 500 1315 nunquam
512 1231 596 1295 illud
616 1232 834 1309 maleficium,
845 1235 949 1297 immo
965 1236 1072 1298 sacri·

122 1333 261 1416 legium,
279 1328 477 1396 adamavit?

394 1507 443 1569 De
458 1506 598 1570 thesauro
614 1507 787 1571 Octauiani.

173 1622 231 1692 In¹
248 1628 369 1695 diebus
386 1630 489 1714 hujus
508 1630 688 1695 Gereberti
705 1631 769 1694 suit
792 1649 899 1713 prope
918 1630 1066 1694 Romam

119 1728 156 1791 in
184 1746 305 1810 campo
333 1729 462 1794 Martio
493 1738 611 1793 statua
641 1731 813 1812 quaedam·
827 1749 935 1805 aenea,
967 1730 1067 1812 cujus

119 1826 244 1891 dextra
267 1847 391 1893 manus
413 1828 559 1909 digitum
587 1831 717 1893 babens
743 1837 935 1903 extentum,
964 1848 1066 1910 quem

119 1925 264 1990 indicem
278 1925 436 2003 dicimus,
448 1936 484 1991 et
497 1929 663 2011 scriptum
680 1930 716 1991 in
732 1929 857 2010 capite,
872 1933 882 1962 ‘
897 1926 977 1989 Hoc
988 1947 1065 2009 per-

118 2025 221 2088 cute.'
270 2025 351 2089 Hoc
367 2036 520 2107 percute,
539 2026 603 2091 hoc
619 2027 712 2090 illius
730 2027 893 2107 temporis
911 2024 1065 2088 homines

116 2124 168 2187 ita
183 2124 443 2206 intelligendum
459 2133 681 2206 putaverunt,
695 2126 787 2207 quod
802 2126 837 2187 in
854 2131 972 2187 statua
990 2123 1064 2186 the-

116 2241 257 2287 saurum
284 2223 491 2302 invenirent,
517 2225 634 2287 multis
662 2243 737 2287 eam
765 2224 980 2286 innocentem
1010 2241 1064 2284 se·

118 2323 248 2385 curium
276 2322 402 2386 ictibus
430 2323 579 2387 inaniter
605 2322 805 2400 laniabant3
840 2321 899 2384 sed
926 2319 1063 2384 illorum

118 2418 328 2485 Gerebertus
353 2441 503 2484 errorem
526 2422 628 2485 aliter
649 2439 839 2501 exponens,
859 2421 894 2481 in
922 2419 1063 2482 meridie

117 2518 251 2583 selein
276 2526 396 2584 centro
423 2521 608 2596 existente,
628 2520 764 2583 notavit
785 2538 854 2601 qno
880 2537 917 2580 se
942 2519 1064 2581 umbra

115 2617 318 2682 extenderet
338 2625 373 2681 et
391 2618 439 2681 ibi
454 2619 571 2700 palum
589 2619 678 2682 fixit.
720 2618 808 2682 Mox
826 2625 927 2694 nocte
944 2636 1063 2698 super·

115 2717 285 2793 veniente,
302 2717 377 2781 solo
395 2717 606 2781 cubiculario
622 2718 798 2781 lucernam
820 2723 982 2798 portante
1005 2736 1063 2779 co·

115 2815 272 2892 mitatus,
289 2834 330 2879 eo
345 2816 534 2892 contendit,
556 2816 603 2879 ibi
622 2823 750 2879 terram
772 2816 884 2880 solitis
906 2816 1063 2878 incanta·

114 2914 266 2979 tionibus
284 2914 454 2996 aperiens,
471 2914 580 2977 latum
597 2914 869 2995 ingredientibus
882 2914 1062 2977 introitum

114 3013 290 3096 patefecit,
312 3020 566 3095 conspexerunt
595 3014 717 3095 ingens
742 3012 910 3094 palatium
938 3029 1062 3073 aureos

114 3111 246 3177 habens
264 3112 426 3194 parietes,
441 3131 548 3176 aurea
562 3112 752 3187 lacunaria,
767 3129 873 3173 aurea
887 3110 1061 3185 universa,

115 3210 234 3275 vident
258 3211 386 3274 milites
410 3230 533 3274 aureos
559 3210 673 3273 aureis
695 3209 845 3283 tesseris,
863 3209 964 3289 quasi
988 3208 1062 3270 ani-

114 3328 207 3373 mum
238 3309 463 3399 oblectantes,
497 3329 612 3390 regern
644 3327 782 3392 quoque
816 3306 1061 3386 conspicantur

115 3407 324 3472 metallicum
337 3393 425 3473 'cum
451 3410 570 3490 regina
592 3407 874 3481 discumbentem,
900 3405 1061 3485 apposita

113 3506 257 3584 fercula,
273 3507 449 3571 ministros
475 3507 667 3582 adstantes,
684 3513 824 3588 pateras
850 3503 950 3566 multi
973 3522 1059 3584 pon·

114 3605 205 3670 deris
235 3614 270 3670 et
300 3606 413 3688 pretii,
436 3605 495 3670 ubi
518 3614 678 3669 naturam
700 3604 861 3668 vincebat
889 3621 995 3683 opus3
1022 3601 1060 3663 in

112 3704 267 3769 interiori
283 3713 382 3786 parte
397 3704 531 3780 domus,
545 3705 635 3785 lapis
650 3702 878 3770 carbunculus
900 3700 1061 3764 tenebras

113 3803 224 3867 noctis
245 3802 401 3885 sngavit;
430 3803 467 3865 in
488 3804 662 3867 contrario
686 3803 815 3884 angulo
840 3800 957 3864 stabat
976 3819 1062 3882 puer

112 3919 230 3965 arcum
257 3909 377 3966 tenens
400 3909 543 3966 extento
568 3922 675 3966 nervo
700 3910 735 3965 et
759 3902 895 3965 intenta
917 3901 1060 3980 sagitta,

111 4001 161 4063 ita
174 4000 266 4082 quod
282 4001 318 4063 in
334 4001 493 4064 omnibus
510 4009 664 4064 nostrum
686 3999 936 4065 tentationibus
956 3999 1061 4060 intui·

231 4245 237 4276 ¹
252 4248 283 4296 ln
294 4248 379 4298 diebus
390 4248 462 4309 brius
474 4250 623 4315 Gereberti.]
641 4250 762 4300 Malmsb.
775 4246 870 4384 Hist.2§
882 4250 940 4296 lto.

161 4340 241 4388 VOb.
260 4339 285 4387 1.
893 4337 911 4384 F
