3000 5004
468 482 606 532 riorus
630 485 899 535 ursromsuuu.
1095 473 1161 537 421

207 635 359 716 locavit3
383 638 444 701 sed
465 658 529 702 nec
552 640 602 703 sio
625 641 765 722 dignam
790 642 954 706 ultionem
981 644 1160 724 effugiens,

206 743 287 816 post
313 754 440 799 anuum
466 757 591 820 eorpus
614 740 691 822 ejus
715 747 824 803 totum
838 743 1011 805 vermibus
1034 742 1160 806 dicitur

206 852 282 896 esse
305 844 557 917 consumptum.
611 837 835 919 Splendidum
865 860 1002 922 quoque
1029 841 1158 905 beatis-

206 932 283 994 simi
311 934 403 1014 regis
435 935 639 1017 martyrium
666 935 758 999 clare
787 936 909 1001 rutilat
937 957 999 1020 per
1023 939 1159 1003 infinita

206 1030 335 1094 saecula
352 1032 570 1096 saeculorum.
623 1032 744 1097 Amen.

418 1206 467 1268 De
481 1206 672 1270 coronatione
687 1207 766 1291 repis
779 1206 950 1271 Etlelredi.

256 1325 360 1391 Anno
379 1326 521 1391 Domini
544 1346 792 1393 nccocnxxrx.
811 1328 1028 1406 Etheiredus,
1047 1331 1156 1395 frater
1169 1349 1278 1390 onon.

206 1427 317 1489 sancti
342 1426 525 1490 Eadwardi
552 1429 644 1508 regis
663 1435 699 1490 et
719 1428 893 1510 martyris,
916 1436 951 1491 et
969 1426 1154 1494 Alsdrithae
1167 1400 1318 1491 oclffill'sso.

206 1524 308 1601 filius,
321 1525 461 1607 juvenis
484 1526 656 1607 egregius,
673 1526 817 1589 decorus
835 1534 991 1608 aspectu,
1012 1528 1156 1609 pulcher

205 1623 241 1687 in
255 1623 367 1698 vultu,
387 1643 550 1705 procerus
573 1626 726 1706 corporis
750 1632 856 1701 statu,
872 1644 894 1687 a
910 1627 1040 1689 sanctis
1063 1646 1154 1708 prae·

206 1721 339 1784 solibus
364 1722 548 1786 Dunstano
565 1723 818 1798 cantuariensi,
836 1723 1000 1786 Oswaldo
1024 1725 1154 1788 Ebora-

205 1822 311 1896 censi,
327 1829 362 1885 et
381 1820 498 1884 decem
523 1823 704 1902 episcopis,
720 1821 775 1884 die
801 1821 995 1899 Dominica,
1011 1816 1152 1888 ¹octavo

204 1916 372 1982 kalendas
395 1919 494 1994 Maii,
512 1920 547 1981 iu
567 1919 765 2000 Kiugstona
781 1921 878 2000 regni
896 1920 1054 1984 diadema
1075 1941 1152 1984 sus·

204 2019 315 2099 cepit;
339 2012 392 2081 ²in
420 2036 490 2100 qua
519 2019 742 2082 coronatione
771 2019 933 2100 praedixit
963 2021 994 2082 ei
1029 2021 1152 2082 beatus

206 2115 424 2192 Dunstanus,
440 2117 565 2198 spiritu
588 2115 778 2198 prophetiae
800 2116 934 2197 plenus,
952 2136 1086 2196 eaquae
1109 2117 1151 2181 de

203 2215 280 2296 ipso
296 2222 442 2279 ventura
464 2223 575 2292 erant,
592 2223 627 2278 et
643 2214 734 2297 quod
758 2215 885 2277 multas
911 2215 1151 2278 tribulationes

205 2321 296 2376 esset
322 2315 358 2376 in
384 2333 491 2395 regno
516 2333 695 2395 passurus,
718 2313 771 2376 his
793 2314 930 2393 verbis;
954 2312 1150 2390 ‘Quoniam

204 2411 389 2494 adspirasti
420 2412 463 2475 ad
497 2432 641 2493 regnum
673 2432 735 2493 per
764 2419 909 2475 mortem
938 2412 1056 2475 fratris
1087 2413 1151 2487 tui,

204 2529 306 2592 quem
331 2511 457 2574 occidit
481 2519 592 2574 mater
614 2519 686 2587 tua,
709 2518 893 2593 propterea
914 2510 994 2573 audi
1009 2511 1151 2574 verbum

207 2607 359 2685 Domini,
386 2609 460 2673 lraec
482 2609 565 2672 dicit
594 2609 776 2685 Dominus,
791 2608 895 2671 ‘Non
917 2608 1054 2672 deficiet
1075 2609 1151 2688 gla-

204 2707 280 2769 dius
306 2707 349 2770 de
368 2706 469 2771 domo
486 2716 558 2783 tua,
574 2709 721 2770 saeviens
742 2708 779 2770 iu
801 2714 835 2770 te
858 2709 1015 2772 omnibus
1030 2707 1151 2769 diebus

204 2806 285 2868 vitae
310 2814 392 2882 tuae,
415 2806 624 2869 interficiens
652 2805 695 2868 de
719 2806 849 2868 semine
872 2815 945 2883 tuo,
972 2824 1152 2888 quousque

203 2922 346 2984 regnum
372 2912 471 2967 tuum
495 2904 726 2967 transferatur
755 2905 791 2966 in
815 2924 959 2984 regnum
988 2902 1150 2979 alienum,

205 3002 304 3085 cujus
326 3003 429 3065 ritum
455 3010 490 3066 et
504 3003 658 3083 linguam
680 3021 779 3082 gens,
803 3002 858 3064 oui
880 3001 1057 3084 praesides,
1081 3021 1151 3064 non

205 3101 314 3175 novit,
334 3120 397 3164 nec
423 3102 621 3183 expiabitur
642 3101 709 3163 nisi
731 3100 837 3180 longa
851 3100 1004 3162 vindicta
1029 3118 1151 3179 pecea-

204 3205 404 3275 tumtunm,
426 3207 462 3262 et
477 3207 656 3280 peccatum
681 3199 801 3260 matris
819 3205 900 3273 tuae,
914 3204 949 3259 et
971 3204 1151 3278 peccatum

204 3297 354 3360 virorum
380 3297 529 3373 illorum,
543 3298 602 3379 qui
618 3296 803 3359 interfuere
827 3295 971 3359 consilio
991 3294 1067 3377 ejus
1091 3313 1152 3356 ne·

204 3396 332 3476 quam!
385 3395 471 3460 Post
487 3396 576 3458 hanc
597 3395 689 3458 beati
709 3394 884 3458 Dunstani
900 3393 964 3456 viri
982 3392 1048 3456 Dei
1071 3412 1153 3474 pro-

205 3493 370 3575 phetiam,
392 3496 501 3557 nubes
531 3513 593 3574 per
620 3500 729 3556 totam
756 3492 921 3572 Angliam
949 3510 1041 3553 nunc
1070 3510 1152 3553 san-

206 3593 344 3672 guinea,
361 3612 453 3655 nunc
474 3593 588 3672 ignea,
604 3593 681 3655 visa
696 3600 761 3666 est,
776 3589 899 3652 dehinc
917 3590 952 3652 in
969 3589 1086 3651 radios
1099 3589 1152 3650 di·

205 3708 337 3767 versos,
362 3699 398 3755 et
414 3690 528 3754 varios
555 3697 688 3754 mutata
707 3689 852 3764 colores,
875 3688 968 3751 cirea
993 3705 1153 3750 auroram

204 3788 385 3870 disparuit.
431 3789 561 3852 Eodem
591 3806 683 3852 anno
716 3788 788 3851 dux
820 3787 1030 3850 Meroiorum
1060 3785 1154 3849 Else-

239 4019 248 4051 ¹
263 4023 353 4070 Oetaeo
371 4023 486 4070 kalnam
504 4020 593 4083 Moti]
618 4022 668 4069 Ao·
691 4020 751 4069 aoth
762 4019 792 4067 of
799 4019 873 4080 April
884 4020 911 4066 in
921 4019 964 4067 the
977 4032 1046 4067 some
1057 4032 1127 4077 year.

203 4090 307 4152 oording
325 4095 351 4139 to
369 4091 411 4138 the
432 4093 493 4140 Sex.
505 4091 600 4141 Chion.
618 4090 669 4137 Ae·
726 4086 779 4135 'ln
792 4103 839 4150 qno
849 4088 1000 4136 coronatione
1013 4085 1156 4148 prodixit]

203 4159 301 4209 thelred
309 4160 452 4209 succeeded
460 4165 485 4209 to
493 4160 535 4208 tlte
547 4158 668 4220 kingdom
691 4157 779 4205 Token
791 4156 854 4204 from
862 4152 984 4205 Osberu’s
995 4155 1039 4203 life
1046 4153 1075 4203 ol
1083 4155 1158 4203 Dun-

201 4229 228 4276 in
248 4233 315 4292 9785
340 4230 461 4279 Floreme
483 4243 552 4292 says,
574 4243 607 4278 on
626 4228 669 4276 the
693 4231 758 4289 stan,
769 4241 794 4287 p.
809 4229 864 4275 11⁸.
