3000 5004
474 472 613 519 rnonss
637 455 906 521 nrsroainnun.
1096 459 1161 525 311

208 626 468 691 consolabiliter
499 629 712 707 anxiaretur,
741 632 837 695 venit
876 633 920 696 ad
959 651 1038 696 eum
1067 634 1160 715 apud

208 724 384 788 'l'hedt'ord
409 726 540 790 Hubba
561 727 668 793 frater
692 731 779 812 ejus,
809 731 868 812 qui
888 731 963 813 jam
991 731 1159 796 Marciam

208 831 317 888 totam
333 825 617 908 depopulaverat,
633 847 711 891 cum
735 830 852 892 decem
874 831 1026 893 millibus
1048 850 1160 895 arma-

209 931 334 1000 torum,
351 933 387 988 et
403 927 454 988 sic
474 926 607 1008 junctis
622 928 764 1005 viribus,
778 935 819 991 ut
839 949 877 991 se
892 929 1109 994 vindicarent
1122 932 1159 994 in
1269 970 1271 975 ·

207 1032 366 1087 sanctum
376 1044 491 1105 regem
510 1025 762 1103 Eadmundum,
777 1036 893 1091 castra
911 1037 1090 1092 moventes
1114 1030 1158 1093 ad

209 1121 446 1188 Haeilesdune
469 1125 600 1202 villam,
628 1126 686 1188 ubi
715 1146 777 1190 rex
807 1127 1027 1191 beatissimus
1063 1128 1157 1191 Ead-

208 1222 357 1285 mundns
378 1231 463 1286 tunc
484 1231 570 1300 erat,
592 1224 749 1288 celeriter
764 1233 1006 1307 pervenerunt.
1057 1225 1158 1290 Tunc

207 1327 377 1405 tyrannus
396 1323 561 1404 Hinguar
571 1323 678 1406 jussit
692 1325 914 1406 circumcingi
937 1344 1055 1407 rogem
1079 1344 1158 1389 cum

207 1421 321 1497 turba,
346 1422 550 1504 nequidem
578 1442 624 1486 ex
646 1425 804 1487 omnibus
830 1423 1025 1488 elaberetur
1046 1425 1155 1488 vivus.

206 1519 452 1584 Sanctissimus
470 1523 588 1603 itaque
611 1542 674 1585 rex
693 1522 929 1600 Eadmundns,
951 1543 1031 1588 cum
1051 1543 1089 1587 se
1112 1526 1157 1588 ab

207 1618 365 1683 hostibus
386 1620 538 1703 undique
552 1622 721 1685 vallatum
749 1629 986 1704 cognosceret,
1008 1623 1051 1687 de
1073 1642 1156 1686 con-

90 1803 96 1813 ·
207 1718 285 1783 silio
303 1719 502 1796 Humbcrti,
519 1719 799 1784 Helmhamcnsis
818 1723 983 1804 episcopi,
998 1720 1156 1804 confugit

209 1818 253 1881 ad
276 1819 468 1896 ecclesiam,
482 1828 522 1883 ut
537 1840 574 1883 se
591 1822 781 1883 membrum
801 1821 931 1884 Christi
946 1821 1155 1898 ostenderet,

207 1925 254 1993 et,
271 1919 375 2009 armis
398 1919 646 2001 temporalibus
663 1920 840 2004 projectis,
858 1921 1010 1984 caelestia
1030 1920 1156 1997 induit,

207 2015 384 2080 humiliter
398 2017 539 2081 Patrem
562 2025 598 2081 et
619 2018 745 2082 Filium
769 2038 846 2081 cum
869 2019 998 2082 Sancto
1023 2019 1155 2100 Spiritu

206 2115 408 2197 deprecans,
423 2124 461 2179 ut
477 2117 542 2180 sibi
564 2118 600 2180 in
618 2119 780 2199 passione
803 2118 1031 2180 constantiam
1049 2117 1156 2198 largi·

205 2222 336 2279 rentur.
389 2216 503 2297 Igitur
518 2235 540 2279 a
557 2217 723 2280 ministris
748 2217 942 2298 iniquitatis
959 2216 1155 2278 clementis·

205 2315 315 2377 simus
343 2334 406 2378 rex
433 2315 658 2378 Eadmundns
696 2317 741 2378 ab
770 2314 917 2379 ecclesia
943 2314 1156 2379 truculenter

205 2412 288 2477 loris
303 2413 482 2477 dirissimis
498 2422 706 2491 coarctatur,
729 2423 765 2479 et
786 2415 877 2479 sicut
891 2413 1050 2477 Christus
1073 2423 1155 2478 ante

206 2511 361 2576 Pilatum
382 2513 574 2595 praesidem,
595 2514 646 2577 ita
669 2513 808 2577 ducitur
824 2513 1050 2577 Eadmundns
1073 2521 1154 2578 ante

204 2612 360 2693 iniquum
376 2612 519 2691 ducem3
543 2633 613 2695 quo
632 2612 789 2695 jubente,
805 2613 850 2676 ad
867 2615 1024 2677 arborem
1042 2631 1154 2695 quan·

205 2710 297 2788 dam,
323 2731 401 2793 quaa
423 2732 492 2777 non
517 2713 664 2775 multum
689 2714 821 2788 aberat,
843 2713 1010 2794 religatus
1033 2713 1155 2775 diutis-

204 2811 289 2873 sime
306 2809 514 2891 fiagellatur,
534 2811 720 2892 multisque
739 2811 851 2876 modis
874 2812 1042 2875 illuditur.
1085 2811 1153 2874 Sed

203 2909 353 2972 invictus
371 2910 503 2974 athleta
519 2909 649 2974 Christi
665 2910 890 2974 Eadmundns
907 2911 998 2973 inter
1013 2909 1155 2990 flagella

204 3007 382 3072 Christum
406 3029 542 3092 semper
565 3009 757 3075 invocando
784 3017 933 3073 tortores
957 3027 1039 3072 suos
1061 3026 1154 3071 com-

204 3107 296 3190 pulit
321 3108 357 3170 in
386 3107 548 3186 furorem,
581 3116 618 3172 et
648 3109 692 3171 ad
729 3111 843 3191 ipsum
875 3115 958 3170 tunc
991 3107 1154 3182 arcubus,

204 3208 305 3290 quasi
318 3207 362 3269 ad
378 3208 528 3289 signum,
545 3208 707 3284 ludendo,
722 3216 835 3271 totum
846 3225 971 3287 corpus
985 3207 1061 3289 ejus
1075 3204 1154 3267 telis

204 3306 407 3370 confodiunt
438 3314 473 3370 et
498 3308 660 3388 sagittis3
694 3325 757 3369 nec
787 3313 863 3369 erat
887 3304 984 3368 locus
1012 3306 1048 3368 in
1076 3322 1152 3366 cor·

204 3425 288 3487 pore
303 3407 465 3487 martyris
481 3425 626 3482 vacuus,
643 3425 712 3488 quo
728 3424 856 3468 novum
868 3409 988 3485 posset
1001 3403 1153 3484 imprimi

203 3505 342 3582 vulnus,
359 3523 441 3568 nam
462 3506 554 3568 sicut
574 3504 722 3569 hericius
744 3505 877 3567 incute
901 3502 1018 3565 densis
1040 3520 1154 3565 arma-

204 3612 262 3668 tur
286 3604 407 3686 spinis,
431 3604 481 3666 ita
502 3623 627 3685 corpus
650 3604 772 3668 invicti
791 3603 884 3683 regis
906 3601 1049 3683 spiculis
1073 3619 1153 3664 con-

205 3703 323 3784 figitur
334 3711 369 3766 ct
379 3704 531 3785 sagittis.
583 3701 740 3786 Cumque
757 3721 820 3766 neo
835 3702 885 3764 sic
897 3700 1062 3782 Hinguar
1076 3717 1152 3763 car·

203 3801 299 3865 nifex
314 3803 530 3866 truculentus
544 3810 701 3866 sanctum
714 3810 899 3883 martyrem
910 3799 1151 3863 Eadmundum
1224 3869 1225 3873 Ἰ

205 3920 227 3964 a
242 3901 310 3963 fide
327 3899 457 3964 Christi
478 3909 513 3964 et
533 3901 747 3966 confessione
763 3900 946 3963 Trinitatis
963 3900 1078 3981 potuit
1100 3918 1153 3960 se-

202 4019 338 4082 parare,
361 4007 401 4062 ut
424 3997 496 4061 suis
520 3999 647 4080 iniquis
671 3999 951 4082 persuasionibus
985 3997 1154 4079 praeberet

204 4118 397 4175 assensum,
414 4099 572 4180 protinus
596 4098 709 4161 lictori
730 4098 884 4172 mandat,
909 4104 949 4159 ut
973 4114 1055 4158 ense
1078 4112 1155 4155 crn-

204 4206 285 4261 ento
313 4198 474 4280 martyris
506 4206 611 4278 caput
634 4197 829 4279 praecidat3
864 4203 901 4258 at
924 4195 1026 4258 lictor
1054 4210 1153 4254 sanc-
