3000 5004
483 487 623 537 rnoaas
646 488 914 540 maronianum.
1103 479 1169 543 407

214 661 352 723 scopus,
371 661 485 724 regem
503 643 683 708 Eadwium
710 653 745 709 et
763 643 926 727 Algivam
954 645 998 709 ab
1019 645 1166 712 invicem

213 742 401 823 separavit,
428 742 482 805 vel
507 760 613 806 causa
645 745 970 826 consanguinitatis,
997 746 1054 810 vel
1083 748 1166 829 quia

212 841 306 904 illam
332 848 373 904 ut
390 840 581 905 adulteram
606 843 794 907 adamavit.
841 842 922 922 Quo
944 845 1049 908 etiam
1072 865 1164 910 anno

212 939 301 1003 idem
319 939 409 1016 Odo,
424 939 700 1005 Dorobemensis
725 943 1017 1026 archiepiscopus,
1034 945 1089 1008 vir
1108 945 1163 1009 in·

212 1040 314 1119 genio
339 1039 466 1116 clarus,
491 1040 620 1104 virtute
652 1039 836 1105 laudabilis
866 1049 903 1106 ct
929 1042 1054 1124 spiritu
1082 1063 1162 1126 pro-

211 1138 339 1219 phetiae
358 1136 505 1220 pollens,
528 1138 687 1202 humanis
710 1141 812 1204 rebus
835 1149 1030 1223 exemptus,
1047 1141 1084 1205 in
1098 1162 1162 1224 pa·

210 1236 362 1300 radisum
378 1245 433 1301 est
445 1236 646 1320 angelornm
664 1239 823 1302 manibus
838 1239 1040 1321 deportatus
1054 1260 1063 1322 ;
1089 1260 1160 1323 quo

210 1336 254 1399 ad
276 1335 431 1400 calestia
456 1336 637 1414 translato,
664 1337 829 1414 Elfsinus,
852 1338 1038 1403 Wentanae
1064 1340 1159 1404 urbis

210 1435 405 1517 episcopus,
428 1429 535 1500 ¹datis
559 1437 758 1500 muneribus
781 1436 945 1519 profusis,
970 1456 1032 1520 per
1053 1438 1160 1503 inter-

209 1535 349 1598 nuntios
374 1554 490 1617 regem
513 1535 712 1616 Eadgarum
734 1536 980 1600 circumvenire
1002 1536 1158 1616 studens,

209 1652 287 1696 cum
313 1632 457 1698 Simone
486 1633 596 1716 Mago
623 1634 784 1698 thronum
807 1634 1070 1699 Cantuariensis
1100 1656 1157 1700 ec·

208 1731 334 1809 clesiae,
372 1734 528 1815 pecuniae
569 1733 779 1812 interventu,
806 1734 1016 1798 conscendit.
1086 1733 1157 1813 Qui

208 1831 318 1913 primo
339 1831 540 1896 intrusionis
564 1832 619 1896 die
641 1834 813 1898 abstinere
836 1853 906 1898 non
927 1834 1053 1916 potuit,
1073 1835 1158 1916 quin

206 1929 314 1994 furias
339 1939 453 1996 mente
474 1931 535 1994 diu
557 1940 743 2014 conceptas
766 1940 951 2010 evomeret,
973 1932 1018 1996 ad
1043 1940 1157 1997 tumu-

131 2060 133 2066 ,
207 2028 278 2091 lum
302 2031 414 2095 sancti
428 2030 562 2094 Odonis
587 2031 766 2108 accedens,
790 2031 944 2113 illudque
965 2030 1052 2112 pede
1073 2051 1157 2095 con·

207 2128 360 2205 calcans,
371 2128 470 2206 dixit,
483 2135 493 2163 ‘
505 2128 660 2193 Pessime
671 2148 791 2207 senex,
801 2150 892 2193 nunc
908 2130 1059 2193 animam
1074 2129 1156 2194 licet

207 2245 285 2292 sero
309 2227 464 2301 emisisti,
481 2234 517 2292 et
539 2228 671 2293 meliori
688 2228 802 2292 locum
819 2228 947 2292 iaciens
969 2229 1154 2307 mccssisti,

207 2345 298 2390 nunc
312 2346 395 2391 vero
417 2326 510 2410 quod
532 2326 592 2391 diu
618 2327 881 2409 concupiveram
904 2334 1016 2406 teneo,
1042 2333 1077 2390 te
1099 2328 1153 2390 in·

207 2425 293 2503 vito,
307 2434 343 2490 et
359 2425 439 2489 inde
456 2426 519 2490 tibi
532 2426 642 2490 malas
659 2426 792 2508 gratias
806 2445 875 2507 ago
885 2423 906 2505 ;'
929 2432 966 2489 et
980 2426 1031 2489 sic
1047 2425 1154 2503 fatus,

206 2542 285 2587 cum
304 2525 444 2589 rabidus
458 2525 517 2589 ille
531 2525 649 2607 sopori
662 2526 816 2590 membra
830 2523 982 2589 dedisset
994 2525 1154 2607 sequenti

207 2631 320 2701 nocte,
332 2623 421 2690 vidit
435 2624 529 2688 beati
546 2624 678 2688 Odonis
695 2623 841 2705 effigiem
863 2624 929 2688 sibi
948 2623 1098 2700 adstare,
1118 2631 1155 2688 et

205 2720 439 2806 improperare
461 2724 655 2787 convicium
679 2731 784 2806 atque
806 2724 910 2789 velox
932 2722 984 2786 illi
1008 2723 1153 2787 exitium

206 2823 428 2902 comminari3
451 2822 512 2886 sed
539 2822 705 2899 Elfsinus,
727 2823 852 2886 somnii
868 2820 1058 2886 vanitatem
1078 2840 1155 2886 esse

206 2920 299 3002 quod
312 2922 448 2986 viderat
464 2921 680 2998 existimare,
700 2941 769 2985 non
792 2921 906 2984 minus
928 2919 972 2983 ad
996 2920 1154 2983 obtinen-

206 3019 288 3082 dum
312 3020 457 3103 pallium
483 3020 633 3085 Romam
664 3020 884 3102 properabat,
905 3019 964 3081 ubi
987 3036 1064 3081 cnm
1093 3037 1155 3099 per

206 3115 316 3200 Alpes
338 3121 430 3183 viam
457 3119 638 3202 expediret
659 3119 846 3201 inceptam,
868 3115 954 3180 nihil
981 3115 1076 3179 aliud
1099 3135 1155 3178 re·

204 3217 309 3281 medii
330 3218 457 3283 habere
486 3218 612 3300 potuit,
634 3217 716 3280 dnm
742 3216 850 3280 nivali
881 3222 1034 3296 tempore
1063 3221 1156 3278 esset

205 3316 422 3398 congelatus,
440 3317 507 3381 nisi
531 3323 573 3380 ut
597 3323 876 3380 exenteratorum
901 3331 1067 3394 cquomm
1092 3311 1155 3376 ad·

204 3414 272 3479 huc
297 3416 491 3480 calentibus
522 3415 613 3479 extis
641 3413 746 3496 pedes
770 3414 1001 3493 immergeret,
1028 3411 1154 3494 quibus

204 3515 317 3578 sancti
332 3515 399 3580 viri
412 3514 678 3578 conculcaverat
694 3510 919 3594 sepulturam,
937 3510 1010 3587 sed,
1026 3528 1089 3572 nec
1104 3509 1155 3572 sic

203 3612 322 3693 algore
344 3613 523 3678 deficiente
545 3611 607 3677 sed
633 3610 749 3694 potius
774 3609 1021 3686 invalescente,
1047 3609 1155 3673 vitam

202 3709 411 3794 flagitiosam
428 3718 540 3776 morte
556 3711 683 3775 misera
698 3708 909 3774 terminavit.

238 4007 338 4059 ¹Datis
365 4009 505 4059 muneribus
529 4007 665 4072 prum]
691 4006 780 4067 bishop
802 4004 832 4054 ot
851 4002 1019 4063 Ganterburv,
1040 4001 1063 4050 ls
1091 3999 1155 4048 from

201 4080 255 4129 'l'ne
265 4080 362 4143 history
373 4078 404 4129 ol
410 4080 453 4129 the
461 4078 608 4128 succession
616 4076 666 4126 and
692 4069 813 4126 Osbcm's
831 4072 876 4122 lile
893 4071 923 4120 ol
930 4071 998 4134 odo,
1009 4085 1035 4132 p.
1047 4073 1097 4129 ⁸⁶5
1112 4082 1156 4119 see

201 4149 278 4200 death
296 4149 326 4200 ot
339 4148 434 4214 hilsin,
452 4163 482 4199 or
495 4147 578 4211 Eleia,
596 4146 668 4197 arch·
692 4134 986 4206 repraesentaret
