<?xml version="1.0" encoding="UTF-8"?>
<!DOCTYPE html PUBLIC "-//W3C//DTD XHTML 1.0 Transitional//EN"
    "http://www.w3.org/TR/xhtml1/DTD/xhtml1-transitional.dtd">
<html xmlns="http://www.w3.org/1999/xhtml" xml:lang="en" lang="en">
 <head>
  <title>
</title>
<meta http-equiv="Content-Type" content="text/html;charset=utf-8" />
  <meta name='ocr-system' content='tesseract 3.04.00' />
  <meta name='ocr-capabilities' content='ocr_page ocr_carea ocr_par ocr_line ocrx_word'/>
</head>
<body>
  <div class='ocr_page' id='page_1' title='image "./rogeridewendove05rogegoog_0367.png"; bbox 0 0 2932 4980; ppageno 0'>
   <div class='ocr_carea' id='block_1_1' title="bbox 333 452 1065 517">
    <p class='ocr_par' dir='ltr' id='par_1_1' title="bbox 333 452 1065 517">
     <span class='ocr_line' id='line_1_1' title="bbox 333 452 1065 517; baseline 0 -9"><span class='ocrx_word' id='word_1_1' title='bbox 333 452 400 517; x_wconf 77' lang='lat'><strong>322</strong></span> <span class='ocrx_word' id='word_1_2' title='bbox 593 459 727 509; x_wconf 73' lang='lat' dir='ltr'><strong>Rodunt</strong></span> <span class='ocrx_word' id='word_1_3' title='bbox 752 458 799 504; x_wconf 83' lang='lat' dir='ltr'><strong>DE</strong></span> <span class='ocrx_word' id='word_1_4' title='bbox 821 457 1065 508; x_wconf 77' lang='lat' dir='ltr'>WBNDOVBR</span> 
     </span>
    </p>
   </div>
   <div class='ocr_carea' id='block_1_2' title="bbox 173 604 1287 1983">
    <p class='ocr_par' dir='ltr' id='par_1_2' title="bbox 173 604 1287 1983">
     <span class='ocr_line' id='line_1_2' title="bbox 174 604 1284 701; baseline -0.011 -12"><span class='ocrx_word' id='word_1_5' title='bbox 174 642 252 683; x_wconf 61' lang='lat' dir='ltr'><strong>niteo</strong></span> <span class='ocrx_word' id='word_1_6' title='bbox 336 625 402 688; x_wconf 93' lang='lat' dir='ltr'><strong>boc</strong></span> <span class='ocrx_word' id='word_1_7' title='bbox 415 620 534 685; x_wconf 90' lang='lat' dir='ltr'><strong>ordine</strong></span> <span class='ocrx_word' id='word_1_8' title='bbox 546 625 776 701; x_wconf 59' lang='lat' dir='ltr'><strong>generantum</strong></span> <span class='ocrx_word' id='word_1_9' title='bbox 794 617 1056 698; x_wconf 84' lang='lat' dir='ltr'><strong>primogenita</strong></span> <span class='ocrx_word' id='word_1_10' title='bbox 1067 617 1155 701; x_wconf 88' lang='lat' dir='ltr'><strong>ejus</strong></span> <span class='ocrx_word' id='word_1_11' title='bbox 1167 604 1284 678; x_wconf 78' lang='lat' dir='ltr'><strong>filia¹ll</strong></span> 
     </span>
     <span class='ocr_line' id='line_1_3' title="bbox 173 693 1285 799; baseline -0.013 -11"><span class='ocrx_word' id='word_1_12' title='bbox 173 693 266 734; x_wconf 57' lang='lat' dir='ltr'><strong>”M</strong></span> <span class='ocrx_word' id='word_1_13' title='bbox 339 722 429 787; x_wconf 89' lang='lat' dir='ltr'><strong>fleda</strong></span> <span class='ocrx_word' id='word_1_14' title='bbox 445 720 634 794; x_wconf 83' lang='lat' dir='ltr'>dicebatur,</span> <span class='ocrx_word' id='word_1_15' title='bbox 646 738 737 799; x_wconf 88' lang='lat' dir='ltr'><strong>quae,</strong></span> <span class='ocrx_word' id='word_1_16' title='bbox 753 716 969 779; x_wconf 83' lang='lat' dir='ltr'><strong>adveniente</strong></span> <span class='ocrx_word' id='word_1_17' title='bbox 987 715 1218 780; x_wconf 83' lang='lat' dir='ltr'><strong>matrimonii</strong></span> <span class='ocrx_word' id='word_1_18' title='bbox 1231 722 1285 774; x_wconf 69' lang='lat' dir='ltr'><strong>ten</strong></span> 
     </span>
     <span class='ocr_line' id='line_1_4' title="bbox 339 813 1285 905; baseline -0.012 -20"><span class='ocrx_word' id='word_1_19' title='bbox 339 841 436 905; x_wconf 90' lang='lat' dir='ltr'><strong>pore,</strong></span> <span class='ocrx_word' id='word_1_20' title='bbox 453 813 670 893; x_wconf 79' lang='lat' dir='ltr'><strong>&#39;Ethelredo,</strong></span> <span class='ocrx_word' id='word_1_21' title='bbox 700 816 910 879; x_wconf 88' lang='lat' dir='ltr'><strong>Merciorum</strong></span> <span class='ocrx_word' id='word_1_22' title='bbox 937 816 1094 893; x_wconf 89' lang='lat' dir='ltr'><strong>comiti,</strong></span> <span class='ocrx_word' id='word_1_23' title='bbox 1110 813 1285 898; x_wconf 70' lang='lat' dir='ltr'><strong>copulatm</strong></span> 
     </span>
     <span class='ocr_line' id='line_1_5' title="bbox 339 911 1285 992; baseline -0.01 -9"><span class='ocrx_word' id='word_1_24' title='bbox 339 921 462 983; x_wconf 89' lang='lat' dir='ltr'><strong>deinde</strong></span> <span class='ocrx_word' id='word_1_25' title='bbox 478 926 581 982; x_wconf 86' lang='lat' dir='ltr'><strong>natus</strong></span> <span class='ocrx_word' id='word_1_26' title='bbox 595 923 649 980; x_wconf 91' lang='lat' dir='ltr'><strong>est</strong></span> <span class='ocrx_word' id='word_1_27' title='bbox 662 916 766 992; x_wconf 90' lang='lat' dir='ltr'><strong>filius,</strong></span> <span class='ocrx_word' id='word_1_28' title='bbox 782 914 921 978; x_wconf 91' lang='lat' dir='ltr'><strong>nomine</strong></span> <span class='ocrx_word' id='word_1_29' title='bbox 940 914 1199 990; x_wconf 70' lang='lat' dir='ltr'><strong>liudwardus,</strong></span> <span class='ocrx_word' id='word_1_30' title='bbox 1209 911 1285 975; x_wconf 74' lang='lat' dir='ltr'><strong>etta</strong></span> 
     </span>
     <span class='ocr_line' id='line_1_6' title="bbox 340 1012 1286 1100; baseline -0.007 -18"><span class='ocrx_word' id='word_1_31' title='bbox 340 1020 427 1100; x_wconf 82' lang='lat' dir='ltr'><strong>regi,</strong></span> <span class='ocrx_word' id='word_1_32' title='bbox 449 1019 509 1100; x_wconf 90' lang='lat' dir='ltr'><strong>qui</strong></span> <span class='ocrx_word' id='word_1_33' title='bbox 535 1023 615 1099; x_wconf 88' lang='lat' dir='ltr'><strong>post</strong></span> <span class='ocrx_word' id='word_1_34' title='bbox 640 1022 774 1098; x_wconf 88' lang='lat' dir='ltr'><strong>patrem</strong></span> <span class='ocrx_word' id='word_1_35' title='bbox 801 1012 942 1094; x_wconf 86' lang='lat' dir='ltr'><strong>Angliae</strong></span> <span class='ocrx_word' id='word_1_36' title='bbox 970 1014 1230 1078; x_wconf 82' lang='lat' dir='ltr'><strong>monarchiam</strong></span> <span class='ocrx_word' id='word_1_37' title='bbox 1246 1027 1286 1090; x_wconf 72' lang='lat' dir='ltr'><strong>gr</strong></span> 
     </span>
     <span class='ocr_line' id='line_1_7' title="bbox 340 1106 1286 1196; baseline -0.006 -14"><span class='ocrx_word' id='word_1_38' title='bbox 340 1119 519 1196; x_wconf 81' lang='lat' dir='ltr'><strong>bernevit3</strong></span> <span class='ocrx_word' id='word_1_39' title='bbox 543 1116 646 1179; x_wconf 85' lang='lat' dir='ltr'><strong>tertio</strong></span> <span class='ocrx_word' id='word_1_40' title='bbox 667 1115 745 1178; x_wconf 93' lang='lat' dir='ltr'><strong>loco</strong></span> <span class='ocrx_word' id='word_1_41' title='bbox 770 1120 854 1177; x_wconf 90' lang='lat' dir='ltr'><strong>nata</strong></span> <span class='ocrx_word' id='word_1_42' title='bbox 874 1119 929 1176; x_wconf 87' lang='lat' dir='ltr'><strong>est</strong></span> <span class='ocrx_word' id='word_1_43' title='bbox 955 1112 988 1175; x_wconf 89' lang='lat' dir='ltr'><strong>ei</strong></span> <span class='ocrx_word' id='word_1_44' title='bbox 1021 1113 1119 1191; x_wconf 86' lang='lat' dir='ltr'><strong>filia,</strong></span> <span class='ocrx_word' id='word_1_45' title='bbox 1143 1106 1286 1177; x_wconf 57' lang='lat' dir='ltr'><strong>vocab&amp;</strong></span> 
     </span>
     <span class='ocr_line' id='line_1_8' title="bbox 341 1211 1287 1298; baseline -0.007 -16"><span class='ocrx_word' id='word_1_46' title='bbox 341 1212 558 1298; x_wconf 74' lang='lat' dir='ltr'><strong>³Ethelgiva,</strong></span> <span class='ocrx_word' id='word_1_47' title='bbox 581 1213 780 1278; x_wconf 72' lang='lat' dir='ltr'><strong>monasticae</strong></span> <span class='ocrx_word' id='word_1_48' title='bbox 802 1211 997 1293; x_wconf 63' lang='lat' dir='ltr'><strong>disciplina*</strong></span> <span class='ocrx_word' id='word_1_49' title='bbox 1023 1213 1171 1294; x_wconf 79' lang='lat' dir='ltr'><strong>regulis</strong></span> <span class='ocrx_word' id='word_1_50' title='bbox 1193 1226 1287 1275; x_wconf 60' lang='grc' dir='ltr'><strong>ουκ·</strong></span> 
     </span>
     <span class='ocr_line' id='line_1_9' title="bbox 341 1310 1287 1395; baseline -0.012 -15"><span class='ocrx_word' id='word_1_51' title='bbox 341 1324 451 1393; x_wconf 90' lang='lat' dir='ltr'><strong>crata,</strong></span> <span class='ocrx_word' id='word_1_52' title='bbox 473 1316 628 1378; x_wconf 89' lang='lat' dir='ltr'><strong>habitum</strong></span> <span class='ocrx_word' id='word_1_53' title='bbox 650 1312 827 1395; x_wconf 85' lang='lat' dir='ltr'><strong>religionis</strong></span> <span class='ocrx_word' id='word_1_54' title='bbox 851 1310 1021 1392; x_wconf 82' lang='lat' dir='ltr'><strong>suscepit.</strong></span> <span class='ocrx_word' id='word_1_55' title='bbox 1081 1311 1287 1376; x_wconf 80' lang='lat' dir='ltr'><strong>Alfreduset</strong></span> 
     </span>
     <span class='ocr_line' id='line_1_10' title="bbox 344 1406 1287 1496; baseline -0.007 -16"><span class='ocrx_word' id='word_1_56' title='bbox 344 1414 570 1491; x_wconf 88' lang='lat' dir='ltr'><strong>Eadwardus,</strong></span> <span class='ocrx_word' id='word_1_57' title='bbox 585 1433 721 1496; x_wconf 88' lang='lat' dir='ltr'><strong>semper</strong></span> <span class='ocrx_word' id='word_1_58' title='bbox 741 1413 778 1474; x_wconf 95' lang='lat' dir='ltr'><strong>in</strong></span> <span class='ocrx_word' id='word_1_59' title='bbox 800 1412 897 1474; x_wconf 88' lang='lat' dir='ltr'><strong>curia</strong></span> <span class='ocrx_word' id='word_1_60' title='bbox 912 1410 1008 1490; x_wconf 88' lang='lat' dir='ltr'><strong>regis</strong></span> <span class='ocrx_word' id='word_1_61' title='bbox 1036 1410 1203 1487; x_wconf 86' lang='lat' dir='ltr'><strong>edueati,</strong></span> <span class='ocrx_word' id='word_1_62' title='bbox 1215 1406 1287 1492; x_wconf 63' lang='lat' dir='ltr'><strong>mul·</strong></span> 
     </span>
     <span class='ocr_line' id='line_1_11' title="bbox 343 1504 1287 1578; baseline -0.004 -1"><span class='ocrx_word' id='word_1_63' title='bbox 343 1535 419 1578; x_wconf 88' lang='lat' dir='ltr'><strong>mos</strong></span> <span class='ocrx_word' id='word_1_64' title='bbox 428 1521 464 1578; x_wconf 91' lang='lat' dir='ltr'><strong>et</strong></span> <span class='ocrx_word' id='word_1_65' title='bbox 473 1514 578 1577; x_wconf 89' lang='lat' dir='ltr'><strong>libros</strong></span> <span class='ocrx_word' id='word_1_66' title='bbox 588 1512 780 1576; x_wconf 82' lang='lat' dir='ltr'><strong>Saxonicos</strong></span> <span class='ocrx_word' id='word_1_67' title='bbox 791 1509 945 1574; x_wconf 89' lang='lat' dir='ltr'><strong>studiose</strong></span> <span class='ocrx_word' id='word_1_68' title='bbox 955 1509 1165 1574; x_wconf 79' lang='lat' dir='ltr'><strong>discebant.</strong></span> <span class='ocrx_word' id='word_1_69' title='bbox 1190 1504 1287 1573; x_wconf 68' lang='lat' dir='ltr'><strong>noe</strong></span> 
     </span>
     <span class='ocr_line' id='line_1_12' title="bbox 344 1608 1286 1694; baseline -0.004 -18"><span class='ocrx_word' id='word_1_70' title='bbox 344 1613 477 1676; x_wconf 78' lang='lat' dir='ltr'><strong>waldus</strong></span> <span class='ocrx_word' id='word_1_71' title='bbox 494 1613 651 1675; x_wconf 92' lang='lat' dir='ltr'><strong>omnibus</strong></span> <span class='ocrx_word' id='word_1_72' title='bbox 663 1611 794 1694; x_wconf 89' lang='lat' dir='ltr'><strong>junior,</strong></span> <span class='ocrx_word' id='word_1_73' title='bbox 804 1628 882 1672; x_wconf 91' lang='lat' dir='ltr'><strong>cum</strong></span> <span class='ocrx_word' id='word_1_74' title='bbox 897 1608 975 1671; x_wconf 90' lang='lat' dir='ltr'><strong>aliis</strong></span> <span class='ocrx_word' id='word_1_75' title='bbox 991 1608 1181 1673; x_wconf 91' lang='lat' dir='ltr'><strong>nobilibus</strong></span> <span class='ocrx_word' id='word_1_76' title='bbox 1192 1608 1286 1689; x_wconf 75' lang='lat' dir='ltr'><strong>regio·</strong></span> 
     </span>
     <span class='ocr_line' id='line_1_13' title="bbox 344 1707 1286 1791; baseline -0.003 -18"><span class='ocrx_word' id='word_1_77' title='bbox 344 1714 411 1786; x_wconf 87' lang='lat' dir='ltr'><strong>nis,</strong></span> <span class='ocrx_word' id='word_1_78' title='bbox 424 1710 550 1773; x_wconf 90' lang='lat' dir='ltr'><strong>literali</strong></span> <span class='ocrx_word' id='word_1_79' title='bbox 572 1710 727 1772; x_wconf 81' lang='lat' dir='ltr'><strong>scientiae</strong></span> <span class='ocrx_word' id='word_1_80' title='bbox 753 1707 948 1791; x_wconf 89' lang='lat' dir='ltr'><strong>applicatus</strong></span> <span class='ocrx_word' id='word_1_81' title='bbox 965 1714 1021 1771; x_wconf 85' lang='lat' dir='ltr'><strong>est</strong></span> <span class='ocrx_word' id='word_1_82' title='bbox 1035 1707 1209 1790; x_wconf 82' lang='lat' dir='ltr'><strong>diligenti</strong></span> <span class='ocrx_word' id='word_1_83' title='bbox 1221 1722 1286 1770; x_wconf 79' lang='lat' dir='ltr'><strong>cun</strong></span> 
     </span>
     <span class='ocr_line' id='line_1_14' title="bbox 344 1806 1284 1892; baseline -0.004 -20"><span class='ocrx_word' id='word_1_84' title='bbox 344 1808 510 1892; x_wconf 88' lang='lat' dir='ltr'><strong>parentis,</strong></span> <span class='ocrx_word' id='word_1_85' title='bbox 520 1816 572 1882; x_wconf 92' lang='lat' dir='ltr'><strong>ut,</strong></span> <span class='ocrx_word' id='word_1_86' title='bbox 582 1816 769 1888; x_wconf 88' lang='lat' dir='ltr'><strong>antequam</strong></span> <span class='ocrx_word' id='word_1_87' title='bbox 785 1815 886 1889; x_wconf 86' lang='lat' dir='ltr'><strong>aptas</strong></span> <span class='ocrx_word' id='word_1_88' title='bbox 897 1806 1061 1869; x_wconf 88' lang='lat' dir='ltr'><strong>humanis</strong></span> <span class='ocrx_word' id='word_1_89' title='bbox 1077 1809 1190 1871; x_wconf 89' lang='lat' dir='ltr'><strong>rebus</strong></span> <span class='ocrx_word' id='word_1_90' title='bbox 1200 1814 1284 1871; x_wconf 79' lang='lat' dir='ltr'><strong>etu-</strong></span> 
     </span>
     <span class='ocr_line' id='line_1_15' title="bbox 343 1905 1285 1983; baseline -0.005 -13"><span class='ocrx_word' id='word_1_91' title='bbox 343 1907 435 1970; x_wconf 90' lang='lat' dir='ltr'><strong>tibus</strong></span> <span class='ocrx_word' id='word_1_92' title='bbox 452 1907 543 1969; x_wconf 88' lang='lat' dir='ltr'><strong>vires</strong></span> <span class='ocrx_word' id='word_1_93' title='bbox 558 1906 712 1983; x_wconf 90' lang='lat' dir='ltr'><strong>baberet,</strong></span> <span class='ocrx_word' id='word_1_94' title='bbox 728 1906 927 1972; x_wconf 83' lang='lat' dir='ltr'><strong>liberalibus</strong></span> <span class='ocrx_word' id='word_1_95' title='bbox 941 1905 1071 1968; x_wconf 89' lang='lat' dir='ltr'><strong>studiis</strong></span> <span class='ocrx_word' id='word_1_96' title='bbox 1089 1908 1285 1971; x_wconf 84' lang='lat' dir='ltr'><strong>traderetur.</strong></span> 
     </span>
    </p>
   </div>
   <div class='ocr_carea' id='block_1_3' title="bbox 345 2051 1297 3944">
    <p class='ocr_par' dir='ltr' id='par_1_3' title="bbox 430 2051 1216 2139">
     <span class='ocr_line' id='line_1_16' title="bbox 430 2051 1216 2139; baseline 0 -21"><span class='ocrx_word' id='word_1_97' title='bbox 430 2054 480 2118; x_wconf 81' lang='lat' dir='ltr'><strong>De</strong></span> <span class='ocrx_word' id='word_1_98' title='bbox 493 2052 627 2118; x_wconf 77' lang='lat' dir='ltr'><strong>maridas</strong></span> <span class='ocrx_word' id='word_1_99' title='bbox 641 2062 669 2117; x_wconf 83' lang='lat' dir='ltr'><strong>et</strong></span> <span class='ocrx_word' id='word_1_100' title='bbox 681 2053 837 2139; x_wconf 77' lang='lat' dir='ltr'><strong>sapientia</strong></span> <span class='ocrx_word' id='word_1_101' title='bbox 851 2051 957 2137; x_wconf 72' lang='lat' dir='ltr'><strong>mapai</strong></span> <span class='ocrx_word' id='word_1_102' title='bbox 968 2052 1051 2136; x_wconf 65' lang='lat' dir='ltr'><strong>repis</strong></span> <span class='ocrx_word' id='word_1_103' title='bbox 1065 2051 1216 2137; x_wconf 66' lang='lat' dir='ltr'><strong>Alfrodi.</strong></span> 
     </span>
    </p>

    <p class='ocr_par' dir='ltr' id='par_1_4' title="bbox 345 2171 1297 3944">
     <span class='ocr_line' id='line_1_17' title="bbox 397 2171 1287 2261; baseline -0.001 -19"><span class='ocrx_word' id='word_1_104' title='bbox 397 2171 495 2242; x_wconf 84' lang='lat' dir='ltr'><strong>Rex⁴</strong></span> <span class='ocrx_word' id='word_1_105' title='bbox 512 2178 660 2261; x_wconf 91' lang='lat' dir='ltr'><strong>denique</strong></span> <span class='ocrx_word' id='word_1_106' title='bbox 677 2176 841 2242; x_wconf 81' lang='lat' dir='ltr'><strong>Alfredus</strong></span> <span class='ocrx_word' id='word_1_107' title='bbox 863 2177 953 2238; x_wconf 89' lang='lat' dir='ltr'><strong>inter</strong></span> <span class='ocrx_word' id='word_1_108' title='bbox 977 2175 1159 2241; x_wconf 90' lang='lat' dir='ltr'><strong>bellorum</strong></span> <span class='ocrx_word' id='word_1_109' title='bbox 1182 2175 1287 2241; x_wconf 79' lang='lat' dir='ltr'><strong>discti-</strong></span> 
     </span>
     <span class='ocr_line' id='line_1_18' title="bbox 345 2271 1289 2361; baseline -0.001 -20"><span class='ocrx_word' id='word_1_110' title='bbox 345 2278 441 2341; x_wconf 89' lang='lat' dir='ltr'><strong>mina</strong></span> <span class='ocrx_word' id='word_1_111' title='bbox 462 2286 498 2341; x_wconf 92' lang='lat' dir='ltr'><strong>et</strong></span> <span class='ocrx_word' id='word_1_112' title='bbox 520 2277 714 2361; x_wconf 81' lang='lat' dir='ltr'><strong>frequentia</strong></span> <span class='ocrx_word' id='word_1_113' title='bbox 735 2275 917 2358; x_wconf 74' lang='lat' dir='ltr'><strong>praesentis</strong></span> <span class='ocrx_word' id='word_1_114' title='bbox 933 2271 1016 2339; x_wconf 78' lang='lat' dir='ltr'><strong>vitae</strong></span> <span class='ocrx_word' id='word_1_115' title='bbox 1035 2275 1289 2358; x_wconf 75' lang='lat' dir='ltr'><strong>impedimenta.</strong></span> 
     </span>
     <span class='ocr_line' id='line_1_19' title="bbox 345 2372 1290 2458; baseline 0 -19"><span class='ocrx_word' id='word_1_116' title='bbox 345 2378 437 2440; x_wconf 91' lang='lat' dir='ltr'><strong>inter</strong></span> <span class='ocrx_word' id='word_1_117' title='bbox 472 2377 654 2439; x_wconf 90' lang='lat' dir='ltr'><strong>continuas</strong></span> <span class='ocrx_word' id='word_1_118' title='bbox 685 2376 839 2457; x_wconf 88' lang='lat' dir='ltr'><strong>corporis</strong></span> <span class='ocrx_word' id='word_1_119' title='bbox 868 2372 1090 2437; x_wconf 89' lang='lat' dir='ltr'><strong>infirmitates</strong></span> <span class='ocrx_word' id='word_1_120' title='bbox 1124 2382 1164 2439; x_wconf 91' lang='lat' dir='ltr'><strong>et</strong></span> <span class='ocrx_word' id='word_1_121' title='bbox 1194 2394 1290 2458; x_wconf 71' lang='lat' dir='ltr'><strong>paga·</strong></span> 
     </span>
     <span class='ocr_line' id='line_1_20' title="bbox 345 2473 1291 2558; baseline 0.002 -22"><span class='ocrx_word' id='word_1_122' title='bbox 345 2494 466 2538; x_wconf 91' lang='lat' dir='ltr'><strong>norum</strong></span> <span class='ocrx_word' id='word_1_123' title='bbox 494 2473 745 2550; x_wconf 81' lang='lat' dir='ltr'><strong>infestationes,</strong></span> <span class='ocrx_word' id='word_1_124' title='bbox 770 2474 877 2556; x_wconf 89' lang='lat' dir='ltr'><strong>coepit</strong></span> <span class='ocrx_word' id='word_1_125' title='bbox 896 2473 993 2555; x_wconf 79' lang='lat' dir='ltr'><strong>regni</strong></span> <span class='ocrx_word' id='word_1_126' title='bbox 1014 2475 1165 2553; x_wconf 87' lang='lat' dir='ltr'><strong>negotia</strong></span> <span class='ocrx_word' id='word_1_127' title='bbox 1184 2476 1291 2558; x_wconf 80' lang='lat' dir='ltr'><strong>dispo-</strong></span> 
     </span>
     <span class='ocr_line' id='line_1_21' title="bbox 347 2574 1293 2649; baseline 0.003 -15"><span class='ocrx_word' id='word_1_128' title='bbox 347 2592 440 2649; x_wconf 87' lang='lat' dir='ltr'><strong>nere,</strong></span> <span class='ocrx_word' id='word_1_129' title='bbox 466 2592 601 2635; x_wconf 86' lang='lat' dir='ltr'><strong>omnem</strong></span> <span class='ocrx_word' id='word_1_130' title='bbox 624 2574 773 2636; x_wconf 85' lang='lat' dir='ltr'><strong>venandi</strong></span> <span class='ocrx_word' id='word_1_131' title='bbox 799 2580 909 2636; x_wconf 89' lang='lat' dir='ltr'><strong>artem</strong></span> <span class='ocrx_word' id='word_1_132' title='bbox 933 2591 1110 2649; x_wconf 87' lang='lat' dir='ltr'><strong>exercere,</strong></span> <span class='ocrx_word' id='word_1_133' title='bbox 1140 2574 1293 2637; x_wconf 80' lang='lat' dir='ltr'><strong>aurifices</strong></span> 
     </span>
     <span class='ocr_line' id='line_1_22' title="bbox 345 2671 1294 2753; baseline 0.001 -19"><span class='ocrx_word' id='word_1_134' title='bbox 345 2690 428 2734; x_wconf 88' lang='lat' dir='ltr'><strong>suos</strong></span> <span class='ocrx_word' id='word_1_135' title='bbox 461 2679 496 2734; x_wconf 90' lang='lat' dir='ltr'><strong>et</strong></span> <span class='ocrx_word' id='word_1_136' title='bbox 520 2671 682 2747; x_wconf 88' lang='lat' dir='ltr'><strong>artifices,</strong></span> <span class='ocrx_word' id='word_1_137' title='bbox 707 2672 927 2748; x_wconf 87' lang='lat' dir='ltr'><strong>falconarios,</strong></span> <span class='ocrx_word' id='word_1_138' title='bbox 952 2671 1197 2753; x_wconf 88' lang='lat' dir='ltr'><strong>accipitrarios</strong></span> <span class='ocrx_word' id='word_1_139' title='bbox 1224 2692 1294 2736; x_wconf 91' lang='lat' dir='ltr'><strong>eru·</strong></span> 
     </span>
     <span class='ocr_line' id='line_1_23' title="bbox 345 2770 1295 2853; baseline 0.001 -20"><span class='ocrx_word' id='word_1_140' title='bbox 345 2770 440 2850; x_wconf 89' lang='lat' dir='ltr'><strong>dire;</strong></span> <span class='ocrx_word' id='word_1_141' title='bbox 473 2770 619 2833; x_wconf 68' lang='lat' dir='ltr'><strong>aedificia</strong></span> <span class='ocrx_word' id='word_1_142' title='bbox 640 2791 747 2853; x_wconf 89' lang='lat' dir='ltr'><strong>supra</strong></span> <span class='ocrx_word' id='word_1_143' title='bbox 773 2791 906 2834; x_wconf 86' lang='lat' dir='ltr'><strong>omnem</strong></span> <span class='ocrx_word' id='word_1_144' title='bbox 935 2777 1199 2834; x_wconf 86' lang='lat' dir='ltr'><strong>antecessorum</strong></span> <span class='ocrx_word' id='word_1_145' title='bbox 1221 2791 1295 2835; x_wconf 89' lang='lat' dir='ltr'><strong>suo-</strong></span> 
     </span>
     <span class='ocr_line' id='line_1_24' title="bbox 345 2869 1295 2947; baseline 0 -14"><span class='ocrx_word' id='word_1_146' title='bbox 345 2889 421 2933; x_wconf 91' lang='lat' dir='ltr'><strong>rnm</strong></span> <span class='ocrx_word' id='word_1_147' title='bbox 452 2878 626 2947; x_wconf 91' lang='lat' dir='ltr'><strong>conatum,</strong></span> <span class='ocrx_word' id='word_1_148' title='bbox 655 2870 904 2934; x_wconf 85' lang='lat' dir='ltr'><strong>venerabiliora</strong></span> <span class='ocrx_word' id='word_1_149' title='bbox 931 2889 971 2933; x_wconf 91' lang='lat' dir='ltr'><strong>ac</strong></span> <span class='ocrx_word' id='word_1_150' title='bbox 997 2869 1187 2946; x_wconf 88' lang='lat' dir='ltr'><strong>nobiliora,</strong></span> <span class='ocrx_word' id='word_1_151' title='bbox 1211 2890 1295 2935; x_wconf 76' lang='lat' dir='ltr'><strong>novo</strong></span> 
     </span>
     <span class='ocr_line' id='line_1_25' title="bbox 345 2969 1294 3053; baseline 0.001 -21"><span class='ocrx_word' id='word_1_152' title='bbox 345 2988 409 3033; x_wconf 92' lang='lat' dir='ltr'><strong>suo</strong></span> <span class='ocrx_word' id='word_1_153' title='bbox 431 2969 570 3051; x_wconf 83' lang='lat' dir='ltr'><strong>ingenio</strong></span> <span class='ocrx_word' id='word_1_154' title='bbox 600 2978 799 3034; x_wconf 89' lang='lat' dir='ltr'><strong>construere</strong></span> <span class='ocrx_word' id='word_1_155' title='bbox 822 2971 1024 3051; x_wconf 83' lang='lat' dir='ltr'><strong>satagebat3</strong></span> <span class='ocrx_word' id='word_1_156' title='bbox 1046 2969 1294 3053; x_wconf 77' lang='lat' dir='ltr'><strong>missamque</strong></span> 
     </span>
     <span class='ocr_line' id='line_1_26' title="bbox 345 3066 1295 3151; baseline 0.002 -20"><span class='ocrx_word' id='word_1_157' title='bbox 345 3069 430 3132; x_wconf 92' lang='lat' dir='ltr'><strong>tidie</strong></span> <span class='ocrx_word' id='word_1_158' title='bbox 449 3089 527 3132; x_wconf 90' lang='lat' dir='ltr'><strong>cum</strong></span> <span class='ocrx_word' id='word_1_159' title='bbox 549 3069 642 3134; x_wconf 89' lang='lat' dir='ltr'><strong>horis</strong></span> <span class='ocrx_word' id='word_1_160' title='bbox 665 3069 797 3132; x_wconf 90' lang='lat' dir='ltr'><strong>diurnis</strong></span> <span class='ocrx_word' id='word_1_161' title='bbox 821 3071 965 3132; x_wconf 90' lang='lat' dir='ltr'><strong>curabat</strong></span> <span class='ocrx_word' id='word_1_162' title='bbox 985 3066 1117 3143; x_wconf 90' lang='lat' dir='ltr'><strong>audire,</strong></span> <span class='ocrx_word' id='word_1_163' title='bbox 1142 3069 1295 3151; x_wconf 81' lang='lat' dir='ltr'><strong>psalmos</strong></span> 
     </span>
     <span class='ocr_line' id='line_1_27' title="bbox 345 3167 1295 3251; baseline 0.002 -21"><span class='ocrx_word' id='word_1_164' title='bbox 345 3175 381 3232; x_wconf 89' lang='lat' dir='ltr'><strong>et</strong></span> <span class='ocrx_word' id='word_1_165' title='bbox 399 3169 575 3232; x_wconf 88' lang='lat' dir='ltr'><strong>orationes</strong></span> <span class='ocrx_word' id='word_1_166' title='bbox 598 3188 726 3244; x_wconf 88' lang='lat' dir='ltr'><strong>amare,</strong></span> <span class='ocrx_word' id='word_1_167' title='bbox 743 3167 979 3251; x_wconf 87' lang='lat' dir='ltr'><strong>eleemosynas</strong></span> <span class='ocrx_word' id='word_1_168' title='bbox 1003 3167 1096 3230; x_wconf 88' lang='lat' dir='ltr'><strong>dare.</strong></span> <span class='ocrx_word' id='word_1_169' title='bbox 1153 3168 1295 3232; x_wconf 80' lang='lat' dir='ltr'><strong>Franci·</strong></span> 
     </span>
     <span class='ocr_line' id='line_1_28' title="bbox 346 3266 1297 3351; baseline 0 -21"><span class='ocrx_word' id='word_1_170' title='bbox 346 3287 444 3348; x_wconf 86' lang='lat' dir='ltr'><strong>genae</strong></span> <span class='ocrx_word' id='word_1_171' title='bbox 471 3287 609 3351; x_wconf 89' lang='lat' dir='ltr'><strong>quoque</strong></span> <span class='ocrx_word' id='word_1_172' title='bbox 632 3278 667 3332; x_wconf 91' lang='lat' dir='ltr'><strong>et</strong></span> <span class='ocrx_word' id='word_1_173' title='bbox 692 3267 751 3330; x_wconf 90' lang='lat' dir='ltr'><strong>alii</strong></span> <span class='ocrx_word' id='word_1_174' title='bbox 777 3266 877 3330; x_wconf 90' lang='lat' dir='ltr'><strong>multi</strong></span> <span class='ocrx_word' id='word_1_175' title='bbox 901 3288 946 3332; x_wconf 86' lang='lat' dir='ltr'><strong>ex</strong></span> <span class='ocrx_word' id='word_1_176' title='bbox 970 3267 1171 3347; x_wconf 81' lang='lat' dir='ltr'><strong>regionibus</strong></span> <span class='ocrx_word' id='word_1_177' title='bbox 1195 3267 1297 3350; x_wconf 82' lang='lat' dir='ltr'><strong>longe</strong></span> 
     </span>
     <span class='ocr_line' id='line_1_29' title="bbox 345 3365 1294 3450; baseline 0.001 -21"><span class='ocrx_word' id='word_1_178' title='bbox 345 3366 468 3448; x_wconf 89' lang='lat' dir='ltr'><strong>positis</strong></span> <span class='ocrx_word' id='word_1_179' title='bbox 490 3375 615 3450; x_wconf 91' lang='lat' dir='ltr'><strong>sponte</strong></span> <span class='ocrx_word' id='word_1_180' title='bbox 639 3386 715 3431; x_wconf 88' lang='lat' dir='ltr'><strong>sese</strong></span> <span class='ocrx_word' id='word_1_181' title='bbox 738 3385 802 3429; x_wconf 92' lang='lat' dir='ltr'><strong>suo</strong></span> <span class='ocrx_word' id='word_1_182' title='bbox 820 3367 971 3430; x_wconf 90' lang='lat' dir='ltr'><strong>dominio</strong></span> <span class='ocrx_word' id='word_1_183' title='bbox 993 3365 1238 3443; x_wconf 90' lang='lat' dir='ltr'><strong>subdiderunt,</strong></span> <span class='ocrx_word' id='word_1_184' title='bbox 1254 3385 1294 3430; x_wconf 91' lang='lat' dir='ltr'><strong>eo</strong></span> 
     </span>
     <span class='ocr_line' id='line_1_30' title="bbox 346 3463 1295 3549; baseline 0.001 -21"><span class='ocrx_word' id='word_1_185' title='bbox 346 3465 438 3546; x_wconf 90' lang='lat' dir='ltr'><strong>quod</strong></span> <span class='ocrx_word' id='word_1_186' title='bbox 461 3467 621 3530; x_wconf 88' lang='lat' dir='ltr'><strong>omnibus</strong></span> <span class='ocrx_word' id='word_1_187' title='bbox 643 3475 735 3530; x_wconf 91' lang='lat' dir='ltr'><strong>esset</strong></span> <span class='ocrx_word' id='word_1_188' title='bbox 761 3465 919 3529; x_wconf 90' lang='lat' dir='ltr'><strong>amabilis</strong></span> <span class='ocrx_word' id='word_1_189' title='bbox 943 3472 977 3529; x_wconf 88' lang='lat' dir='ltr'><strong>et</strong></span> <span class='ocrx_word' id='word_1_190' title='bbox 994 3463 1155 3542; x_wconf 81' lang='lat' dir='ltr'><strong>affabilis,</strong></span> <span class='ocrx_word' id='word_1_191' title='bbox 1168 3466 1295 3549; x_wconf 91' lang='lat' dir='ltr'><strong>jucun·</strong></span> 
     </span>
     <span class='ocr_line' id='line_1_31' title="bbox 345 3562 1295 3648; baseline 0.004 -24"><span class='ocrx_word' id='word_1_192' title='bbox 345 3562 411 3626; x_wconf 91' lang='lat' dir='ltr'><strong>dus</strong></span> <span class='ocrx_word' id='word_1_193' title='bbox 439 3571 474 3627; x_wconf 90' lang='lat' dir='ltr'><strong>et</strong></span> <span class='ocrx_word' id='word_1_194' title='bbox 499 3565 536 3626; x_wconf 93' lang='lat' dir='ltr'><strong>in</strong></span> <span class='ocrx_word' id='word_1_195' title='bbox 559 3584 670 3628; x_wconf 87' lang='lat' dir='ltr'><strong>rernm</strong></span> <span class='ocrx_word' id='word_1_196' title='bbox 697 3564 879 3646; x_wconf 90' lang='lat' dir='ltr'><strong>disciplina</strong></span> <span class='ocrx_word' id='word_1_197' title='bbox 900 3571 1139 3648; x_wconf 89' lang='lat' dir='ltr'><strong>perscrutator</strong></span> <span class='ocrx_word' id='word_1_198' title='bbox 1163 3566 1295 3628; x_wconf 91' lang='lat' dir='ltr'><strong>incom-</strong></span> 
     </span>
     <span class='ocr_line' id='line_1_32' title="bbox 345 3662 1295 3746; baseline 0.004 -23"><span class='ocrx_word' id='word_1_199' title='bbox 345 3662 530 3743; x_wconf 85' lang='lat' dir='ltr'><strong>parabilis3</strong></span> <span class='ocrx_word' id='word_1_200' title='bbox 556 3664 707 3726; x_wconf 89' lang='lat' dir='ltr'><strong>advenas</strong></span> <span class='ocrx_word' id='word_1_201' title='bbox 734 3683 853 3726; x_wconf 88' lang='lat' dir='ltr'><strong>omnes</strong></span> <span class='ocrx_word' id='word_1_202' title='bbox 877 3672 912 3727; x_wconf 91' lang='lat' dir='ltr'><strong>et</strong></span> <span class='ocrx_word' id='word_1_203' title='bbox 928 3662 1141 3746; x_wconf 64' lang='lat' dir='ltr'><strong>peregrinos</strong></span> <span class='ocrx_word' id='word_1_204' title='bbox 1163 3665 1295 3728; x_wconf 88' lang='lat' dir='ltr'><strong>nobiles</strong></span> 
     </span>
     <span class='ocr_line' id='line_1_33' title="bbox 345 3760 1295 3846; baseline 0.007 -26"><span class='ocrx_word' id='word_1_205' title='bbox 345 3766 382 3821; x_wconf 92' lang='lat' dir='ltr'><strong>ct</strong></span> <span class='ocrx_word' id='word_1_206' title='bbox 406 3760 590 3840; x_wconf 84' lang='lat' dir='ltr'><strong>ignobiles,</strong></span> <span class='ocrx_word' id='word_1_207' title='bbox 616 3761 706 3824; x_wconf 89' lang='lat' dir='ltr'><strong>sicut</strong></span> <span class='ocrx_word' id='word_1_208' title='bbox 728 3763 902 3844; x_wconf 88' lang='lat' dir='ltr'><strong>propriam</strong></span> <span class='ocrx_word' id='word_1_209' title='bbox 927 3770 1077 3844; x_wconf 84' lang='lat' dir='ltr'><strong>gentem,</strong></span> <span class='ocrx_word' id='word_1_210' title='bbox 1095 3762 1205 3846; x_wconf 81' lang='lat' dir='ltr'><strong>juxta</strong></span> <span class='ocrx_word' id='word_1_211' title='bbox 1225 3765 1295 3827; x_wconf 92' lang='lat' dir='ltr'><strong>sin·</strong></span> 
     </span>
     <span class='ocr_line' id='line_1_34' title="bbox 345 3856 1292 3944; baseline 0.008 -26"><span class='ocrx_word' id='word_1_212' title='bbox 345 3856 505 3938; x_wconf 79' lang='lat' dir='ltr'><strong>gulorum</strong></span> <span class='ocrx_word' id='word_1_213' title='bbox 540 3859 743 3940; x_wconf 82' lang='lat' dir='ltr'><strong>dignitatem</strong></span> <span class='ocrx_word' id='word_1_214' title='bbox 768 3861 972 3937; x_wconf 89' lang='lat' dir='ltr'><strong>honorabat,</strong></span> <span class='ocrx_word' id='word_1_215' title='bbox 1004 3861 1148 3943; x_wconf 80' lang='lat' dir='ltr'><strong>regebat</strong></span> <span class='ocrx_word' id='word_1_216' title='bbox 1179 3871 1216 3925; x_wconf 91' lang='lat' dir='ltr'><strong>et</strong></span> <span class='ocrx_word' id='word_1_217' title='bbox 1235 3882 1292 3944; x_wconf 93' lang='lat' dir='ltr'><strong>pe·</strong></span> 
     </span>
    </p>
   </div>
   <div class='ocr_carea' id='block_1_4' title="bbox 345 4015 1296 4294">
    <p class='ocr_par' dir='ltr' id='par_1_5' title="bbox 345 4015 1296 4294">
     <span class='ocr_line' id='line_1_35' title="bbox 382 4015 1296 4086; baseline 0.008 -21"><span class='ocrx_word' id='word_1_218' title='bbox 382 4015 532 4082; x_wconf 77' lang='lat' dir='ltr'><strong>¹Alfledo‚]</strong></span> <span class='ocrx_word' id='word_1_219' title='bbox 560 4020 642 4068; x_wconf 85' lang='lat' dir='ltr'><strong>called</strong></span> <span class='ocrx_word' id='word_1_220' title='bbox 672 4021 707 4080; x_wconf 80' lang='lat' dir='ltr'><strong>by</strong></span> <span class='ocrx_word' id='word_1_221' title='bbox 729 4021 808 4070; x_wconf 81' lang='lat' dir='ltr'><strong>Aeser</strong></span> <span class='ocrx_word' id='word_1_222' title='bbox 866 4019 1050 4084; x_wconf 54' lang='lat' dir='ltr'><strong>‘Etletgim</strong></span> <span class='ocrx_word' id='word_1_223' title='bbox 1080 4021 1296 4086; x_wconf 74' lang='lat' dir='ltr'><strong>‘Aetbelgeot&#39;o,’</strong></span> 
     </span>
     <span class='ocr_line' id='line_1_36' title="bbox 345 4084 1294 4225; baseline 0.027 -109"><span class='ocrx_word' id='word_1_224' title='bbox 345 4084 542 4151; x_wconf 76' lang='lat' dir='ltr'><strong>cAetbelfloed3’</strong></span> <span class='ocrx_word' id='word_1_225' title='bbox 559 4093 638 4151; x_wconf 62' lang='lat' dir='ltr'><strong>pli.</strong></span> <span class='ocrx_word' id='word_1_226' title='bbox 831 4092 926 4209; x_wconf 39' lang='lat' dir='ltr'><strong>depellit</strong></span> <span class='ocrx_word' id='word_1_227' title='bbox 954 4160 1011 4209; x_wconf 56' lang='grc' dir='ltr'><strong>Μ</strong></span> <span class='ocrx_word' id='word_1_228' title='bbox 1066 4159 1294 4225; x_wconf 47' lang='grc' dir='ltr'><strong><em>ΔΜηω.</em></strong></span> 
     </span>
     <span class='ocr_line' id='line_1_37' title="bbox 379 4175 1194 4294; baseline 0.005 -18"><span class='ocrx_word' id='word_1_229' title='bbox 379 4224 807 4293; x_wconf 80' lang='lat' dir='ltr'><strong>’Etlelredo.]‘Endredo‚&#39;Asser.</strong></span> <span class='ocrx_word' id='word_1_230' title='bbox 830 4245 891 4291; x_wconf 83' lang='lat' dir='ltr'><strong>pare</strong></span> <span class='ocrx_word' id='word_1_231' title='bbox 903 4177 992 4292; x_wconf 51' lang='lat' dir='ltr'><strong>diser,</strong></span> <span class='ocrx_word' id='word_1_232' title='bbox 1002 4175 1083 4293; x_wconf 50' lang='lat' dir='ltr'><strong>guli,</strong></span> <span class='ocrx_word' id='word_1_233' title='bbox 1092 4245 1159 4294; x_wconf 69' lang='lat' dir='ltr'><strong>seqq.</strong></span> <span class='ocrx_word' id='word_1_234' title='bbox 1187 4197 1194 4211; x_wconf 36' lang='grc' dir='ltr'>ι</span> 
     </span>
    </p>
   </div>
   <div class='ocr_carea' id='block_1_5' title="bbox 0 0 1480 4980">
    <p class='ocr_par' dir='ltr' id='par_1_6' title="bbox 0 0 1480 4980">
     <span class='ocr_line' id='line_1_38' title="bbox 0 0 1480 4980; baseline 0 0"><span class='ocrx_word' id='word_1_235' title='bbox 0 0 1480 4980; x_wconf 95' lang='lat' dir='ltr'><strong> </strong></span> 
     </span>
    </p>
   </div>
  </div>
 </body>
</html>
