3000 5004
354 478 405 523 XX
744 476 918 524 vanescit.

355 632 438 696 loris
462 633 642 697 dirissimis
671 633 958 713 constringentes,
990 637 1071 694 ante
1093 648 1202 711 equos
1224 649 1307 693 suos

354 752 477 797 versus
494 735 669 798 civitatem
687 732 923 797 Verulamium
942 731 1043 795 nudis
1066 729 1223 793 incedere
1245 749 1305 811 pe·

354 831 455 895 dibus
480 833 740 916 compulerunt;
769 831 830 894 sed
857 850 926 913 quo
952 831 1064 912 magis
1078 828 1216 893 Albano
1242 848 1306 892 suo

354 933 660 1015 appropinquavit,
686 951 727 995 eo
750 930 898 1013 amplius
921 931 1090 1012 asperitas
1111 930 1244 994 viarum
1271 936 1307 993 et

355 1030 484 1094 laboris
512 1031 639 1116 injuria
663 1030 855 1112 mitigatur,
888 1037 935 1106 et,
968 1030 1049 1093 dum
1081 1030 1147 1093 iter
1177 1029 1305 1111 agitur,

355 1129 527 1194 hominem
551 1129 765 1213 languidum,
783 1128 980 1194 videntibus
1002 1129 1148 1205 cunctis,
1168 1129 1305 1191 vinctus

358 1227 586 1313 Amphibalus
602 1250 624 1293 a
641 1230 787 1293 vinculis
803 1228 1013 1292 infirmitatis
1031 1227 1192 1292 absolvit.
1232 1227 1305 1291 De·

355 1329 472 1412 nique,
489 1350 567 1394 cum
582 1349 647 1394 sua
664 1329 738 1414 jam
761 1337 901 1412 possent
917 1328 1045 1392 moenia
1066 1346 1203 1391 cernere
1220 1327 1307 1391 civi·

354 1431 450 1505 tatis,
478 1430 656 1512 paululum
678 1429 715 1493 in
740 1428 897 1493 hocloco
922 1428 1058 1491 deserto
1078 1435 1179 1490 scuta
1205 1426 1305 1490 recli-

355 1536 441 1592 nant
461 1536 496 1593 et
516 1529 635 1594 hastas
659 1528 774 1592 telluri
794 1527 960 1609 deligunt.
1018 1524 1162 1590 Caeteris
1190 1527 1305 1607 quies-

354 1628 524 1704 centibus,
548 1629 643 1692 solus
666 1626 896 1708 Amphibalus
926 1627 1077 1709 requiem
1104 1646 1173 1689 non
1201 1623 1304 1689 habe-

354 1727 427 1801 bat,
451 1727 510 1789 sed
538 1728 610 1791 suis
637 1728 914 1810 persecutoribus
940 1727 1082 1791 verbum
1110 1725 1304 1807 praedicans

354 1824 484 1902 docuit,
516 1827 609 1908 quod
637 1827 780 1890 verbum
810 1826 877 1889 Dei
908 1845 976 1889 non
1008 1826 1123 1907 potuit
1154 1824 1302 1906 alligari.

356 1922 551 1988 Nuntiatur
576 1925 712 1989 interim
734 1925 770 1988 in
793 1925 934 1989 civitate
955 1924 1047 2006 quod
1074 1925 1167 1988 cives
1191 1923 1226 1986 in
1244 1944 1304 2006 pa·

356 2024 457 2086 triam
474 2032 696 2100 remeassent,
712 2032 748 2088 et
765 2025 856 2106 quod
880 2025 1084 2105 magistrum
1100 2021 1230 2086 Albani
1249 2044 1303 2088 se·

354 2141 433 2185 curn
449 2123 689 2204 reduxissent3
715 2124 844 2189 dictum
864 2130 916 2187 est
934 2124 1038 2186 etiam
1062 2123 1155 2205 quod
1173 2143 1303 2200 omnes,

355 2241 418 2304 pro
435 2224 559 2305 quibus
581 2225 647 2288 iter
662 2231 733 2288 tam
752 2223 960 2288 laboriosum
977 2230 1249 2304 assumpserant,
1267 2223 1302 2285 in

355 2324 519 2387 extremis
536 2324 661 2389 linibus
677 2323 793 2406 gladio
807 2323 994 2405 perierunt.
1039 2322 1062 2385 J
1066 2321 1156 2385 udex
1175 2329 1304 2400 autem,

356 2441 433 2484 cum
451 2423 535 2487 talia
549 2423 781 2506 cognovisset,
801 2441 917 2486 coram
940 2422 1033 2486 omni
1055 2421 1183 2504 populo
1201 2421 1304 2498 dixit,

357 2519 606 2601 ‘Egrediamur
628 2522 778 2585 universi
799 2530 833 2585 et
847 2521 985 2585 inimico
1005 2528 1124 2584 nostro
1143 2540 1302 2584 occurra-

355 2638 444 2696 mus,
473 2622 594 2704 utqui
619 2621 833 2703 dignoscitur
860 2621 1050 2695 offendisse,
1080 2622 1124 2683 ab
1145 2622 1303 2685 omnibus

355 2718 422 2783 sibi
443 2720 631 2787 vindictam
654 2722 782 2785 sentiat
803 2720 972 2803 irrogari!
1023 2720 1124 2783 Tunc
1143 2721 1232 2784 alter
1253 2721 1303 2785 al·

355 2828 479 2897 terum,
497 2830 535 2885 ut
550 2821 704 2885 velocius
719 2826 788 2896 eat,
803 2820 973 2897 hortatur,
997 2828 1033 2883 et
1053 2820 1088 2883 in
1106 2840 1206 2883 suum
1225 2840 1302 2884 sese

355 2919 511 2983 excitant
534 2920 719 2983 inimicum.
771 2918 969 2984 Tendentes
996 2938 1079 3000 ergo
1108 2939 1170 3001 per
1197 2920 1302 2997 viam,

354 3036 432 3099 quae
449 3017 492 3082 de
508 3019 650 3083 civitate
666 3020 778 3101 vergit
795 3019 839 3082 ad
860 3019 1067 3102 aquilonem,
1087 3019 1206 3083 urbem
1230 3019 1302 3083 sere

356 3137 499 3184 vacuam
519 3119 754 3202 reliquerunt;
777 3127 812 3182 et
832 3119 1009 3183 venientes
1029 3118 1072 3181 ad
1090 3119 1199 3181 virum
1220 3118 1300 3195 Dei,

354 3216 560 3285 invenerunt
587 3239 665 3284 eum
692 3218 840 3283 vinculis
868 3218 1050 3295 irretitum,
1082 3236 1183 3300 quem
1218 3238 1301 3282 mox

354 3319 506 3384 atrocius
540 3320 745 3404 arripientes
776 3315 1071 3399 exspoliaverunt,
1101 3317 1302 3400 visceraque

355 3416 429 3500 ejus
464 3420 640 3501 patefacta
673 3418 753 3502 palo
788 3419 825 3482 in
858 3423 984 3480 terram
1014 3416 1124 3481 refixo
1157 3418 1302 3480 circum-

354 3515 515 3597 ligantes,
538 3526 696 3582 sanctum
715 3518 781 3581 Dei
804 3518 840 3581 in
860 3515 1005 3580 circuitu
1029 3516 1100 3599 pali
1123 3518 1299 3581 ambulare

354 3613 519 3678 iecerunt.
572 3615 638 3679 Vir
654 3615 722 3679 Dei
736 3614 964 3699 Amphibalus
980 3616 1070 3679 inter
1087 3615 1174 3678 tales
1196 3624 1231 3679 et
1250 3625 1301 3681 tot

355 3713 535 3793 angustias
562 3715 784 3791 constitutus,
816 3734 893 3777 cum
924 3713 1021 3778 nulla
1049 3713 1147 3776 daret
1172 3713 1302 3779 doloris

354 3808 491 3888 indicia,
511 3813 642 3877 inimici
664 3813 776 3876 crucis
796 3814 944 3878 acriores
964 3812 1077 3876 allecti
1097 3831 1175 3874 eum
1200 3818 1300 3894 quasi

354 3908 397 3971 ad
429 3911 567 3992 signum
603 3918 774 3988 statuunt,
811 3912 1028 3994 cultellisque
1058 3919 1093 3975 et
1122 3912 1300 3993 lanceolis,

353 4008 446 4090 quod
472 4011 641 4093 reliquum
667 4019 742 4075 erat
767 4013 921 4094 corporis
943 4011 1146 4076 confodiunt
1164 4019 1198 4076 et
1219 4034 1301 4077 con-

352 4108 521 4190 fringunt.
572 4109 672 4173 Tunc
689 4109 838 4193 plurimi,
854 4113 947 4175 beati
961 4113 1124 4195 martyris
1138 4121 1302 4176 constan.

353 4208 437 4272 tiam
456 4210 631 4275 intuentes
655 4218 691 4275 et
712 4212 824 4294 magis
848 4211 1071 4289 admirantes,
1092 4211 1299 4277 Christianae
