3000 5004
366 459 433 525 510
621 475 755 526 nocam
781 475 828 523 nn
855 473 1063 524 wnunovna

365 634 513 716 cognovi
534 634 672 698 obiisse.
722 632 786 708 Hi,
805 652 844 697 se
862 632 929 697 Dei
953 632 1095 697 nuntios
1119 651 1196 697 esse
1215 642 1254 699 et
1279 636 1325 698 ad

364 752 419 796 me
434 734 559 798 missos
575 741 780 808 asserentes,
799 732 884 796 talia
905 732 1175 816 subjunxerunt,
1196 733 1324 812 ‘Quo-

364 832 458 896 niam
488 833 657 916 primores
685 831 838 912 Angliae,
862 830 980 908 duces,
1008 832 1161 914 episcopi
1191 840 1228 897 et
1261 836 1324 897 ab·

363 931 475 1008 bates,
490 951 561 995 non
584 939 666 995 sunt
688 931 837 995 ministri
851 930 919 995 Dei
941 930 1001 994 sed
1016 931 1158 1008 diaboli,
1175 932 1322 998 tradidit

365 1029 464 1094 Deus
481 1030 545 1095 hoc
563 1049 708 1112 regnum
732 1049 801 1094 uno
823 1049 916 1093 anno
942 1037 977 1094 et
994 1030 1050 1094 die
1067 1050 1136 1095 uuo
1157 1031 1194 1095 in
1212 1051 1320 1096 manu

364 1129 506 1206 inimici,
529 1131 773 1211 daemonesque
795 1136 922 1193 terram
944 1128 1035 1194 hanc
1060 1137 1170 1194 totam
1193 1151 1320 1213 perva-

363 1229 522 1310 gabunt'
569 1228 727 1310 Cumque
753 1247 819 1309 ego
839 1227 904 1291 hoc
929 1247 985 1291 mc
1011 1236 1232 1293 ostensurum
1259 1252 1320 1313 po

363 1328 447 1409 pulo
464 1328 623 1403 dicerem,
640 1336 680 1390 ut
704 1333 904 1408 peccatores
925 1325 1019 1390 facta
1042 1327 1261 1393 confessione
1283 1340 1319 1395 et

362 1426 600 1491 satisfactione
612 1426 853 1509 resipiscerent
861 1433 897 1489 ct
905 1426 1175 1489 misericordiam
1193 1447 1318 1494 couse-

362 1534 560 1608 querentur,
574 1545 668 1589 morc
682 1524 931 1619 Ninivitarum,
947 1524 1140 1589 ‘Neutrum
1159 1528 1250 1604 erit,’
1261 1529 1317 1592 in·

363 1627 500 1708 quiunt,
527 1625 630 1708 ‘quia
654 1643 718 1687 nec
742 1624 809 1706 ipsi
835 1625 1064 1706 poenitebunt,
1083 1643 1147 1690 uec
1170 1626 1314 1691 misere·

363 1724 457 1787 bitur
472 1725 522 1787 eis
537 1722 658 1788 Deus!
684 1723 730 1787 Et
746 1743 824 1804 ego,
840 1722 1035 1802 ‘Quando,'
1045 1723 1200 1806 inquam,
1211 1731 1221 1759 ‘
1232 1733 1314 1790 tan-

362 1829 476 1886 tarum
492 1823 727 1887 calamitatum
748 1822 876 1904 poterit
896 1823 1028 1905 sperari
1050 1824 1207 1888 remissio
1217 1823 1245 1887 i’
1268 1826 1313 1890 ad

361 1920 426 1985 hoc
449 1922 500 1985 illi
522 1921 785 2004 responderunt,
808 1921 889 1985 ‘De
909 1922 974 1985 hoc
994 1922 1046 1985 ita
1062 1923 1140 2000 erit,
1156 1925 1260 2006 quasi
1283 1927 1314 1989 si

361 2021 464 2085 arbor
479 2021 599 2085 viridis
616 2020 813 2085 succidatur
829 2021 865 2084 in
881 2021 994 2085 medio
1009 2029 1044 2084 et
1059 2041 1141 2103 pars
1156 2024 1314 2089 abscissa

360 2119 498 2204 longius
524 2122 725 2203 deportetur
747 2139 769 2183 a
791 2120 921 2203 stipite,
946 2140 1037 2198 cum,
1055 2121 1130 2184 sine
1154 2123 1314 2204 quolibet

359 2221 504 2298 auxilio,
528 2221 652 2284 iterum
678 2238 838 2283 connexa
864 2227 987 2283 trunco
1012 2221 1157 2302 coepcrit
1187 2222 1313 2288 florere

357 2326 394 2384 et
409 2318 541 2384 fructus
565 2319 766 2402 producere,
783 2325 866 2382 tunc
881 2319 1011 2401 poterit
1032 2320 1166 2400 sperari
1185 2321 1310 2386 talium

357 2419 512 2483 remissio
528 2417 720 2484 malomm'
758 2411 893 2499 ¹Hujus
912 2418 1030 2499 itaque
1044 2417 1201 2482 vaticinii
1216 2423 1311 2485 veri·

357 2524 465 2583 tatem
491 2527 612 2600 postea
632 2517 766 2599 experti
790 2523 871 2580 sunt
889 2514 1008 2598 Angli,
1032 2516 1125 2599 quod
1145 2519 1309 2584 videlicet

356 2614 487 2696 Anglia
515 2617 785 2696 alienigenarum
811 2615 980 2679 habitatio
1007 2614 1121 2679 fuerat
1149 2624 1185 2680 ot
1206 2627 1308 2683 exte·

356 2734 470 2777 rorum
487 2714 689 2791 dominatio,
707 2715 789 2797 quia
805 2714 910 2797 paulo
926 2721 1018 2796 post,
1035 2715 1152 2777 nullus
1167 2715 1307 2799 Anglus

355 2813 410 2877 vel
434 2812 507 2877 dux
528 2812 584 2876 vel
610 2814 767 2895 pontifex
791 2813 846 2877 vel
877 2814 984 2876 abbas
1009 2814 1087 2891 fuit,
1111 2834 1174 2878 nec
1199 2818 1306 2881 ctiam

354 2910 427 2976 ulla
441 2932 521 2996 spes
538 2920 614 2977 erat
631 2912 735 2997 hujus
751 2913 900 2976 miseriae
915 2912 1088 2976 finiendae.

394 3071 444 3136 De
456 3079 550 3136 morto
565 3071 646 3156 repis
664 3067 846 3133 Eadwardt
862 3069 949 3134 tertii
964 3078 993 3132 et
1008 3066 1175 3132 uirtutibus
1190 3070 1264 3154 ejas.

413 3194 584 3259 Pacificas
616 3193 723 3275 igitur
755 3210 818 3254 rex
848 3188 1075 3266 Eadwardus,
1106 3188 1304 3270 Angiorum

237 3269 257 3298 '¹
353 3294 471 3371 decus,
500 3293 591 3375 regis
623 3290 799 3356 Ethelredi
826 3289 931 3367 filius,
962 3296 1148 3371 postquam
1177 3292 1304 3371 viginti

353 3400 504 3476 quatuor
531 3393 631 3457 aunis
658 3410 803 3473 regnum
836 3389 1016 3465 tenuisset,
1041 3395 1167 3470 quarta
1192 3390 1303 3455 indic·

352 3493 448 3558 tione
458 3492 538 3556 etin
549 3491 670 3573 vigilia
685 3488 880 3572 epiphaniae
896 3486 1049 3563 Domini,
1065 3487 1151 3552 seria
1163 3489 1302 3569 quinta,

350 3612 414 3674 pro
431 3611 538 3674 regno
553 3589 735 3673 temporali
749 3582 992 3652 'commutavit
1010 3593 1190 3650 aeternum.
1228 3589 1303 3654 De·

348 3690 489 3755 iunctus
504 3698 617 3756 autem
641 3710 703 3754 rex
718 3687 949 3763 beatissimus,
962 3685 999 3749 in
1016 3686 1168 3750 crastino
1182 3690 1301 3769 scpul-

348 3796 406 3854 tus
431 3799 485 3855 est
512 3789 701 3856 Londoniis
726 3788 762 3850 in
792 3787 949 3863 ecclesia,
971 3805 1074 3868 quam
1101 3786 1177 3868 ipse
1203 3806 1297 3852 novo

382 3981 489 4045 ¹Hap'us
498 3984 579 4048 itaque
596 3983 708 4033 omicinii
719 3981 810 4031 ceritu-
834 3979 940 4029 cedente
962 3980 1048 4028 morbo
1070 3992 1153 4042 nugas
1172 3981 1300 4036 delirans!

347 4055 417 4119 terta]
429 4055 534 4118 ‘Hujus
546 4055 659 4103 vaticinii
669 4053 808 4112 veritatem,
834 4049 954 4098 Malmsb.
966 4065 992 4111 p.
1006 4052 1062 4098 881.

346 4127 462 4188 quamvis
472 4125 571 4173 cauus
583 4123 739 4184 timentibus,
747 4126 807 4169 tunc
868 4116 1054 4168 'Commatooit
1075 4121 1224 4185 aterum]
1254 4123 1297 4172 He

345 4195 462 4256 stigandi
478 4193 661 4255 archiepiscopi
678 4192 745 4240 risus
763 4205 807 4239 ex·
832 4188 891 4238 died
909 4205 941 4237 on
951 4188 1086 4249 Tharsday
1098 4188 1140 4239 the
1158 4191 1201 4239 sth
1213 4191 1298 4242 otta-

231 4252 233 4256 ’
345 4265 464 4327 cepisset,
490 4263 596 4312 dicentis
623 4262 735 4311 vetulum
764 4275 806 4310 ao·
831 4274 912 4319 uuary
925 4262 998 4307 1⁰06.
