3000 5004
191 2473 332 2516 Branchum

362 462 426 525 190
619 476 754 524 nouum
778 477 826 523 nn
849 477 1056 526 wnuuovna

361 641 397 697 et
414 631 569 717 Trajecti
593 633 804 712 tumulatur3
837 632 1000 716 Pipinum
1014 635 1107 698 euim
1124 635 1314 718 principem

361 732 540 814 increpare
568 752 687 808 ausus,
711 732 804 816 quod
833 733 1026 797 adulteram
1058 733 1222 814 legitimae
1247 755 1314 799 ux·

359 831 413 894 ori
440 831 706 913 superduxerat,
733 850 756 894 a
778 832 928 896 Dodone
956 832 1064 895 fratre
1088 834 1200 914 ipsius
1223 853 1315 898 mar-

360 931 542 1012 tyrizatur,
567 939 603 995 et
625 930 792 1015 Trajecti‚
821 939 862 995 ut
885 931 1014 995 dictum
1040 938 1107 1008 est,
1133 932 1311 1014 sepelitur.

360 1028 430 1092 Per
460 1030 551 1092 idem
579 1036 716 1111 tempus
743 1029 959 1106 Absimarus,
986 1029 1048 1113 qui
1076 1037 1112 1093 et
1137 1030 1312 1110 Tiberius,

360 1127 476 1191 Leone
498 1129 543 1192 ab
571 1129 716 1212 imperio
737 1129 839 1211 pulso
865 1148 1020 1211 nasoque
1044 1129 1211 1208 abscisso,
1234 1151 1312 1195 car·

358 1227 464 1291 cerali
478 1228 645 1291 custodiae
661 1228 858 1309 deputatur.

300 1367 306 1379 ·
408 1323 513 1390 Anno
526 1328 650 1408 gratiae
668 1342 820 1390 ncxcrx.
836 1324 1055 1403 Anamares,
1073 1325 1134 1409 qui
1153 1333 1189 1390 et
1204 1326 1311 1392 Tibe-

193 1449 227 1477 σω
291 1467 297 1478 ·
358 1425 442 1502 rius,
461 1425 658 1490 Romanum
674 1425 821 1506 adeptus
836 1444 994 1506 regnum,
1010 1425 1311 1507 imperavitannis

356 1531 498 1605 septem.
552 1524 683 1589 Eodem
712 1543 804 1588 anno
826 1523 941 1600 Dodo,
967 1524 1168 1588 interfector
1195 1528 1310 1591 sancti

357 1621 546 1700 Lamberti,
570 1623 721 1706 pessimo
746 1623 915 1705 languore
940 1623 1128 1700 cruciatur,
1143 1642 1167 1686 a
1182 1626 1309 1689 vermi·

356 1720 421 1782 bus
449 1723 674 1799 consumitur,
698 1729 734 1786 et
759 1723 804 1786 ob
828 1721 1084 1786 intolerantiam
1113 1721 1250 1787 foetoris
1272 1725 1309 1788 in

357 1817 496 1882 Mosam
512 1820 654 1885 fluvium
672 1821 896 1903 demergitur,
910 1839 1097 1903 omnesque
1113 1820 1218 1904 hujus
1233 1823 1308 1886 cul·

355 1935 411 1998 pae
434 1920 619 2000 complices
644 1919 735 1983 infra
753 1939 881 1984 annum
900 1920 1068 1984 divinitus
1092 1921 1306 2002 puninntnr3

354 2035 537 2097 percussor
559 2038 642 2082 vero
672 2021 784 2082 sancti
814 2020 975 2101 martyris
1002 2018 1102 2083 fratri
1127 2039 1192 2084 sno
1224 2040 1307 2086 con-

354 2134 507 2194 gressus,
524 2117 614 2181 alter
630 2118 675 2181 ab
689 2119 800 2183 altero
816 2118 1020 2183 trucidatur.

467 2289 517 2352 De
530 2297 648 2353 nwrtao
662 2289 841 2353 rceusestoto
855 2309 877 2352 a
884 2289 988 2375 punis
995 2288 1189 2375 purgator-ii,

190 2423 263 2463 vtum
270 2424 295 2464 or
404 2405 490 2474 ¹His
510 2411 642 2488 diebus,
658 2411 799 2494 qnidam
817 2404 1101 2493 paterfamilias²
1108 2412 1144 2476 in
1163 2408 1306 2495 regione

354 2509 751 2588 Northanhumbrorum,
781 2512 881 2591 gravi
915 2511 1071 2593 corporis
1102 2510 1305 2578 infirmitate

352 2616 479 2686 tactus,
499 2610 610 2693 primo
632 2611 744 2674 noctis
764 2616 918 2692 tempore
935 2610 1118 2674 defunctus
1140 2619 1217 2690 cst;
1241 2612 1304 2676 sed

352 2708 505 2772 diluculo
524 2710 746 2785 reviviscens,
762 2727 804 2772 ac
825 2717 967 2790 repente
989 2709 1155 2786 residens,
1170 2728 1304 2788 omnes,

350 2808 411 2888 qui
441 2808 577 2890 corpori
602 2807 725 2871 flentes
755 2807 912 2884 aderant,
935 2809 1057 2871 timore
1086 2808 1193 2871 nimio
1222 2828 1303 2890 per-

350 2924 471 2969 cussos
496 2908 532 2969 in
554 2907 674 2988 sugam
698 2907 881 2969 convertit.
933 2906 1036 2970 Uxor
1067 2913 1194 2983 tamen,
1220 2927 1302 2990 quaa

350 3006 497 3087 amplius
517 3007 669 3082 amabat,
686 3006 845 3087 quamvis
864 3005 1011 3070 multum
1035 3006 1230 3087 perterrita,
1246 3027 1302 3072 re·

350 3106 490 3181 mansit,
507 3124 613 3187 quam
631 3105 690 3168 ille
705 3104 919 3181 consolatus,
945 3103 1078 3181 ‘Noli,'
1093 3105 1217 3187 inquit,
1233 3107 1302 3170 ‘ti-

349 3222 454 3281 mere,
471 3205 554 3286 quia
574 3205 650 3287 jam
670 3223 751 3268 vere
768 3203 904 3267 surrexi
924 3221 946 3266 a
968 3211 1091 3280 morte,
1107 3222 1179 3286 qua
1200 3211 1301 3269 tene·

349 3303 423 3378 bar,
453 3310 489 3366 et
518 3303 611 3385 apud
634 3302 790 3366 homines
817 3304 942 3366 iterum
973 3303 1090 3366 vivere
1115 3322 1192 3366 sum
1219 3322 1300 3385 per·

348 3400 498 3465 missus’
556 3401 751 3485 Statimque
789 3420 935 3483 surgens
972 3400 1059 3465 abiit
1095 3399 1140 3464 ad
1167 3401 1299 3467 villulae

347 3501 549 3577 oratorium,
564 3508 600 3564 et
621 3520 731 3583 usque
750 3500 840 3564 diem
863 3501 899 3563 in
919 3500 1075 3564 oratione
1096 3501 1300 3582 persistens,

347 3616 429 3660 mox
462 3618 598 3662 omnem
623 3600 865 3676 substantiam,
892 3618 997 3681 quam
1019 3599 1234 3681 possederat,
1260 3601 1298 3665 in

345 3703 417 3758 tres
443 3697 620 3776 portiones
646 3696 776 3774 divisit,
807 3718 826 3761 e
856 3698 982 3780 quibus
1014 3717 1118 3761 unam
1142 3699 1298 3783 conjugi,

345 3791 491 3856 alteram
508 3794 588 3857 tiliis
613 3795 767 3872 tradidit,
790 3797 927 3861 tertiam
947 3795 1012 3859 sibi
1035 3797 1187 3860 retinens
1208 3817 1297 3881 pau·

344 3892 484 3972 peribus
524 3894 643 3956 statim
678 3895 878 3975 distribuit;
919 3915 983 3959 nec
1011 3895 1121 3959 multo
1150 3904 1231 3978 post
1258 3898 1296 3961 in

376 4087 450 4140 1Ηιι
460 4091 565 4155 duetus]
581 4093 635 4141 The
651 4094 743 4155 legend
754 4094 800 4143 tol
828 4109 891 4155 rum,
927 4096 1038 4155 ‘vquae
1022 4099 1127 4143 vocatur
1143 4094 1297 4146 incunenin-

341 4161 543 4224 louingisfrom
556 4163 627 4211 Beda
628 4161 726 4228 ,§,³89
737 4179 801 4227 seqq.
829 4179 899 4226 gum,
865 4164 1000 4226 m,Beds
1009 4164 1082 4213 ibid!
1090 4163 1294 4249 forsancuning·

375 4228 427 4279 'In
451 4233 549 4294 regione
577 4233 802 4283 Norttunlsmtro·
829 4234 993 4295 haminprov.
998 4229 1101 4284 Scotia.'
1115 4233 1206 4296 Smith,
1211 4236 1294 4286 adhc.
