<?xml version="1.0" encoding="UTF-8"?>
<!DOCTYPE html PUBLIC "-//W3C//DTD XHTML 1.0 Transitional//EN"
    "http://www.w3.org/TR/xhtml1/DTD/xhtml1-transitional.dtd">
<html xmlns="http://www.w3.org/1999/xhtml" xml:lang="en" lang="en">
 <head>
  <title>
</title>
<meta http-equiv="Content-Type" content="text/html;charset=utf-8" />
  <meta name='ocr-system' content='tesseract 3.04.00' />
  <meta name='ocr-capabilities' content='ocr_page ocr_carea ocr_par ocr_line ocrx_word'/>
</head>
<body>
  <div class='ocr_page' id='page_1' title='image "./rogeridewendove05rogegoog_0214.png"; bbox 0 0 3000 5004; ppageno 0'>
   <div class='ocr_carea' id='block_1_1' title="bbox 397 392 1089 457">
    <p class='ocr_par' dir='ltr' id='par_1_1' title="bbox 397 392 1089 457">
     <span class='ocr_line' id='line_1_1' title="bbox 397 392 1089 457; baseline 0.003 -2"><span class='ocrx_word' id='word_1_1' title='bbox 397 407 537 456; x_wconf 79' lang='lat' dir='ltr'><strong>vnonss</strong></span> <span class='ocrx_word' id='word_1_2' title='bbox 560 406 829 456; x_wconf 75' lang='lat' dir='ltr'><strong>meroamnuu.</strong></span> <span class='ocrx_word' id='word_1_3' title='bbox 1024 392 1089 457; x_wconf 81' lang='grc'><strong>169</strong></span> 
     </span>
    </p>
   </div>
   <div class='ocr_carea' id='block_1_2' title="bbox 87 561 1250 4017">
    <p class='ocr_par' dir='ltr' id='par_1_2' title="bbox 130 561 1250 2033">
     <span class='ocr_line' id='line_1_2' title="bbox 134 561 1088 647; baseline 0.004 -23"><span class='ocrx_word' id='word_1_4' title='bbox 134 561 208 626; x_wconf 85' lang='lat' dir='ltr'><strong>lata</strong></span> <span class='ocrx_word' id='word_1_5' title='bbox 221 562 300 638; x_wconf 84' lang='lat' dir='ltr'><strong>fuit,</strong></span> <span class='ocrx_word' id='word_1_6' title='bbox 313 563 543 645; x_wconf 83' lang='lat' dir='ltr'><strong>praesentibus</strong></span> <span class='ocrx_word' id='word_1_7' title='bbox 561 565 733 647; x_wconf 87' lang='lat' dir='ltr'><strong>episcopis</strong></span> <span class='ocrx_word' id='word_1_8' title='bbox 748 563 918 647; x_wconf 82' lang='lat' dir='ltr'><strong>plurimis,</strong></span> <span class='ocrx_word' id='word_1_9' title='bbox 935 562 1088 628; x_wconf 88' lang='lat' dir='ltr'><strong>omnium</strong></span> 
     </span>
     <span class='ocr_line' id='line_1_3' title="bbox 130 661 1089 746; baseline 0.002 -22"><span class='ocrx_word' id='word_1_10' title='bbox 130 661 263 745; x_wconf 92' lang='lat' dir='ltr'><strong>judicio</strong></span> <span class='ocrx_word' id='word_1_11' title='bbox 288 663 418 744; x_wconf 84' lang='lat' dir='ltr'><strong>absque</strong></span> <span class='ocrx_word' id='word_1_12' title='bbox 441 662 582 726; x_wconf 89' lang='lat' dir='ltr'><strong>crimine</strong></span> <span class='ocrx_word' id='word_1_13' title='bbox 600 663 706 727; x_wconf 88' lang='lat' dir='ltr'><strong>fuisse</strong></span> <span class='ocrx_word' id='word_1_14' title='bbox 729 671 913 727; x_wconf 84' lang='lat' dir='ltr'><strong>accusatus</strong></span> <span class='ocrx_word' id='word_1_15' title='bbox 937 683 1089 746; x_wconf 87' lang='lat' dir='ltr'><strong>pronun-</strong></span> 
     </span>
     <span class='ocr_line' id='line_1_4' title="bbox 135 762 1088 845; baseline 0.005 -22"><span class='ocrx_word' id='word_1_16' title='bbox 135 762 244 824; x_wconf 91' lang='lat' dir='ltr'><strong>tiatur</strong></span> <span class='ocrx_word' id='word_1_17' title='bbox 264 768 301 825; x_wconf 90' lang='lat' dir='ltr'><strong>et</strong></span> <span class='ocrx_word' id='word_1_18' title='bbox 317 762 520 844; x_wconf 88' lang='lat' dir='ltr'><strong>episcopatu</strong></span> <span class='ocrx_word' id='word_1_19' title='bbox 545 762 779 844; x_wconf 86' lang='lat' dir='ltr'><strong>dignissimus.</strong></span> <span class='ocrx_word' id='word_1_20' title='bbox 826 762 906 841; x_wconf 85' lang='lat' dir='ltr'><strong>Quo</strong></span> <span class='ocrx_word' id='word_1_21' title='bbox 934 771 1088 845; x_wconf 87' lang='lat' dir='ltr'><strong>tempore</strong></span> 
     </span>
     <span class='ocr_line' id='line_1_5' title="bbox 135 860 1089 945; baseline 0.003 -22"><span class='ocrx_word' id='word_1_22' title='bbox 135 879 211 923; x_wconf 90' lang='lat' dir='ltr'><strong>cum</strong></span> <span class='ocrx_word' id='word_1_23' title='bbox 235 879 328 942; x_wconf 88' lang='lat' dir='ltr'><strong>papa</strong></span> <span class='ocrx_word' id='word_1_24' title='bbox 349 860 519 943; x_wconf 88' lang='lat' dir='ltr'><strong>synodum</strong></span> <span class='ocrx_word' id='word_1_25' title='bbox 544 860 667 925; x_wconf 85' lang='lat' dir='ltr'><strong>Romae</strong></span> <span class='ocrx_word' id='word_1_26' title='bbox 691 871 830 925; x_wconf 89' lang='lat' dir='ltr'><strong>centum</strong></span> <span class='ocrx_word' id='word_1_27' title='bbox 849 862 972 944; x_wconf 83' lang='lat' dir='ltr'><strong>viginti</strong></span> <span class='ocrx_word' id='word_1_28' title='bbox 987 863 1089 945; x_wconf 89' lang='lat' dir='ltr'><strong>quin-</strong></span> 
     </span>
     <span class='ocr_line' id='line_1_6' title="bbox 136 960 1088 1045; baseline 0.003 -23"><span class='ocrx_word' id='word_1_29' title='bbox 136 979 203 1041; x_wconf 90' lang='lat' dir='ltr'><strong>que</strong></span> <span class='ocrx_word' id='word_1_30' title='bbox 230 960 470 1042; x_wconf 89' lang='lat' dir='ltr'><strong>episcoporum</strong></span> <span class='ocrx_word' id='word_1_31' title='bbox 486 968 744 1042; x_wconf 82' lang='lat' dir='ltr'><strong>congregasset,</strong></span> <span class='ocrx_word' id='word_1_32' title='bbox 760 961 927 1025; x_wconf 87' lang='lat' dir='ltr'><strong>adversus</strong></span> <span class='ocrx_word' id='word_1_33' title='bbox 950 982 1010 1027; x_wconf 87' lang='lat' dir='ltr'><strong>cos</strong></span> <span class='ocrx_word' id='word_1_34' title='bbox 1027 962 1088 1045; x_wconf 93' lang='lat' dir='ltr'><strong>qui</strong></span> 
     </span>
     <span class='ocr_line' id='line_1_7' title="bbox 135 1059 1088 1141; baseline 0.003 -19"><span class='ocrx_word' id='word_1_35' title='bbox 135 1059 294 1122; x_wconf 82' lang='lat' dir='ltr'><strong>haeresim</strong></span> <span class='ocrx_word' id='word_1_36' title='bbox 320 1059 628 1123; x_wconf 87' lang='lat' dir='ltr'><strong>Monothelitarnm</strong></span> <span class='ocrx_word' id='word_1_37' title='bbox 654 1060 947 1141; x_wconf 79' lang='lat' dir='ltr'><strong>dogmatizabant,</strong></span> <span class='ocrx_word' id='word_1_38' title='bbox 969 1062 1088 1126; x_wconf 89' lang='lat' dir='ltr'><strong>vocari</strong></span> 
     </span>
     <span class='ocr_line' id='line_1_8' title="bbox 132 1157 1087 1242; baseline 0 -20"><span class='ocrx_word' id='word_1_39' title='bbox 132 1159 240 1242; x_wconf 89' lang='lat' dir='ltr'><strong>jussit</strong></span> <span class='ocrx_word' id='word_1_40' title='bbox 258 1165 294 1221; x_wconf 90' lang='lat' dir='ltr'><strong>et</strong></span> <span class='ocrx_word' id='word_1_41' title='bbox 307 1157 520 1234; x_wconf 86' lang='lat' dir='ltr'><strong>Wilfridum,</strong></span> <span class='ocrx_word' id='word_1_42' title='bbox 537 1167 643 1241; x_wconf 84' lang='lat' dir='ltr'><strong>atquc</strong></span> <span class='ocrx_word' id='word_1_43' title='bbox 665 1159 756 1222; x_wconf 89' lang='lat' dir='ltr'><strong>inter</strong></span> <span class='ocrx_word' id='word_1_44' title='bbox 773 1159 953 1241; x_wconf 87' lang='lat' dir='ltr'><strong>episcopos</strong></span> <span class='ocrx_word' id='word_1_45' title='bbox 975 1160 1087 1224; x_wconf 88' lang='lat' dir='ltr'><strong>consi·</strong></span> 
     </span>
     <span class='ocr_line' id='line_1_9' title="bbox 135 1256 1087 1340; baseline 0.003 -20"><span class='ocrx_word' id='word_1_46' title='bbox 135 1257 274 1320; x_wconf 86' lang='lat' dir='ltr'><strong>dentem</strong></span> <span class='ocrx_word' id='word_1_47' title='bbox 287 1257 389 1320; x_wconf 90' lang='lat' dir='ltr'><strong>fidem</strong></span> <span class='ocrx_word' id='word_1_48' title='bbox 402 1275 501 1320; x_wconf 89' lang='lat' dir='ltr'><strong>suam</strong></span> <span class='ocrx_word' id='word_1_49' title='bbox 517 1256 619 1321; x_wconf 91' lang='lat' dir='ltr'><strong>simul</strong></span> <span class='ocrx_word' id='word_1_50' title='bbox 636 1265 672 1322; x_wconf 86' lang='lat' dir='ltr'><strong>ot</strong></span> <span class='ocrx_word' id='word_1_51' title='bbox 685 1258 873 1339; x_wconf 76' lang='lat' dir='ltr'><strong>provinciae</strong></span> <span class='ocrx_word' id='word_1_52' title='bbox 892 1258 1016 1340; x_wconf 89' lang='lat' dir='ltr'><strong>[unde]</strong></span> <span class='ocrx_word' id='word_1_53' title='bbox 1026 1278 1087 1323; x_wconf 92' lang='lat' dir='ltr'><strong>ve·</strong></span> 
     </span>
     <span class='ocr_line' id='line_1_10' title="bbox 137 1355 1086 1437; baseline 0.003 -19"><span class='ocrx_word' id='word_1_54' title='bbox 137 1362 248 1432; x_wconf 88' lang='lat' dir='ltr'><strong>nerat,</strong></span> <span class='ocrx_word' id='word_1_55' title='bbox 262 1355 376 1421; x_wconf 84' lang='lat' dir='ltr'><strong>dicere</strong></span> <span class='ocrx_word' id='word_1_56' title='bbox 393 1356 568 1437; x_wconf 83' lang='lat' dir='ltr'><strong>praecepit.</strong></span> <span class='ocrx_word' id='word_1_57' title='bbox 623 1356 693 1435; x_wconf 85' lang='lat' dir='ltr'><strong>Qui</strong></span> <span class='ocrx_word' id='word_1_58' title='bbox 716 1375 794 1419; x_wconf 92' lang='lat' dir='ltr'><strong>cum</strong></span> <span class='ocrx_word' id='word_1_59' title='bbox 816 1357 853 1419; x_wconf 93' lang='lat' dir='ltr'><strong>in</strong></span> <span class='ocrx_word' id='word_1_60' title='bbox 877 1356 944 1420; x_wconf 86' lang='lat' dir='ltr'><strong>lide</strong></span> <span class='ocrx_word' id='word_1_61' title='bbox 965 1356 1086 1421; x_wconf 87' lang='lat' dir='ltr'><strong>catho-</strong></span> 
     </span>
     <span class='ocr_line' id='line_1_11' title="bbox 136 1455 1087 1532; baseline -0.001 -14"><span class='ocrx_word' id='word_1_62' title='bbox 136 1455 223 1519; x_wconf 88' lang='lat' dir='ltr'><strong>licus</strong></span> <span class='ocrx_word' id='word_1_63' title='bbox 239 1475 316 1518; x_wconf 94' lang='lat' dir='ltr'><strong>cum</strong></span> <span class='ocrx_word' id='word_1_64' title='bbox 331 1455 405 1518; x_wconf 88' lang='lat' dir='ltr'><strong>suis</strong></span> <span class='ocrx_word' id='word_1_65' title='bbox 427 1456 590 1519; x_wconf 87' lang='lat' dir='ltr'><strong>inventus</strong></span> <span class='ocrx_word' id='word_1_66' title='bbox 605 1455 740 1532; x_wconf 89' lang='lat' dir='ltr'><strong>fuisset,</strong></span> <span class='ocrx_word' id='word_1_67' title='bbox 755 1455 798 1518; x_wconf 89' lang='lat' dir='ltr'><strong>de</strong></span> <span class='ocrx_word' id='word_1_68' title='bbox 818 1456 922 1519; x_wconf 89' lang='lat' dir='ltr'><strong>rebus</strong></span> <span class='ocrx_word' id='word_1_69' title='bbox 941 1456 1032 1519; x_wconf 87' lang='lat' dir='ltr'><strong>sibi</strong></span> <span class='ocrx_word' id='word_1_70' title='bbox 1022 1474 1087 1519; x_wconf 84' lang='grc' dir='ltr'><strong>ιιιι·</strong></span> 
     </span>
     <span class='ocr_line' id='line_1_12' title="bbox 135 1553 1250 1637; baseline -0.004 -20"><span class='ocrx_word' id='word_1_71' title='bbox 135 1553 259 1637; x_wconf 86' lang='lat' dir='ltr'><strong>positis</strong></span> <span class='ocrx_word' id='word_1_72' title='bbox 286 1554 467 1618; x_wconf 89' lang='lat' dir='ltr'><strong>absolutus</strong></span> <span class='ocrx_word' id='word_1_73' title='bbox 491 1561 568 1634; x_wconf 81' lang='lat' dir='ltr'><strong>est3</strong></span> <span class='ocrx_word' id='word_1_74' title='bbox 602 1574 830 1636; x_wconf 85' lang='lat' dir='ltr'><strong>reversusque</strong></span> <span class='ocrx_word' id='word_1_75' title='bbox 857 1555 1087 1632; x_wconf 84' lang='lat' dir='ltr'><strong>Britanniam,</strong></span> <span class='ocrx_word' id='word_1_76' title='bbox 1099 1573 1250 1614; x_wconf 67' lang='lat' dir='ltr'><strong>namma</strong></span> 
     </span>
     <span class='ocr_line' id='line_1_13' title="bbox 137 1603 1204 1736; baseline 0.001 -19"><span class='ocrx_word' id='word_1_77' title='bbox 137 1653 349 1736; x_wconf 88' lang='lat' dir='ltr'><strong>provinciam</strong></span> <span class='ocrx_word' id='word_1_78' title='bbox 376 1653 582 1717; x_wconf 88' lang='lat' dir='ltr'><strong>australium</strong></span> <span class='ocrx_word' id='word_1_79' title='bbox 607 1653 787 1717; x_wconf 82' lang='lat' dir='ltr'><strong>Saxonum</strong></span> <span class='ocrx_word' id='word_1_80' title='bbox 810 1655 854 1718; x_wconf 90' lang='lat' dir='ltr'><strong>ab</strong></span> <span class='ocrx_word' id='word_1_81' title='bbox 878 1653 1086 1719; x_wconf 69' lang='lat' dir='ltr'><strong>idololatriae</strong></span> <span class='ocrx_word' id='word_1_82' title='bbox 1076 1603 1204 1675; x_wconf 46' lang='grc' dir='ltr'><strong>ΜΝ</strong></span> 
     </span>
     <span class='ocr_line' id='line_1_14' title="bbox 137 1748 1176 1818; baseline 0.001 -1"><span class='ocrx_word' id='word_1_83' title='bbox 137 1754 288 1817; x_wconf 87' lang='lat' dir='ltr'><strong>tenebris</strong></span> <span class='ocrx_word' id='word_1_84' title='bbox 304 1753 347 1817; x_wconf 90' lang='lat' dir='ltr'><strong>ad</strong></span> <span class='ocrx_word' id='word_1_85' title='bbox 365 1752 467 1816; x_wconf 89' lang='lat' dir='ltr'><strong>fidem</strong></span> <span class='ocrx_word' id='word_1_86' title='bbox 480 1751 611 1816; x_wconf 87' lang='lat' dir='ltr'><strong>Christi</strong></span> <span class='ocrx_word' id='word_1_87' title='bbox 627 1753 811 1817; x_wconf 90' lang='lat' dir='ltr'><strong>convertit.</strong></span> <span class='ocrx_word' id='word_1_88' title='bbox 862 1748 919 1815; x_wconf 81' lang='lat' dir='ltr'><strong>Ad</strong></span> <span class='ocrx_word' id='word_1_89' title='bbox 939 1752 1087 1818; x_wconf 87' lang='lat' dir='ltr'><strong>Vectam</strong></span> <span class='ocrx_word' id='word_1_90' title='bbox 1173 1793 1176 1797; x_wconf 37' lang='lat'><strong>⁴</strong></span> 
     </span>
     <span class='ocr_line' id='line_1_15' title="bbox 136 1851 1087 1933; baseline 0.002 -18"><span class='ocrx_word' id='word_1_91' title='bbox 136 1871 273 1933; x_wconf 89' lang='lat' dir='ltr'><strong>quoqne</strong></span> <span class='ocrx_word' id='word_1_92' title='bbox 293 1851 442 1915; x_wconf 85' lang='lat' dir='ltr'><strong>insulam</strong></span> <span class='ocrx_word' id='word_1_93' title='bbox 462 1853 558 1915; x_wconf 87' lang='lat' dir='ltr'><strong>vorbi</strong></span> <span class='ocrx_word' id='word_1_94' title='bbox 581 1852 648 1916; x_wconf 88' lang='lat' dir='ltr'><strong>Dei</strong></span> <span class='ocrx_word' id='word_1_95' title='bbox 671 1852 847 1915; x_wconf 87' lang='lat' dir='ltr'><strong>ministros</strong></span> <span class='ocrx_word' id='word_1_96' title='bbox 869 1851 1009 1931; x_wconf 84' lang='lat' dir='ltr'><strong>direxit,</strong></span> <span class='ocrx_word' id='word_1_97' title='bbox 1032 1861 1087 1917; x_wconf 90' lang='lat' dir='ltr'><strong>at-</strong></span> 
     </span>
     <span class='ocr_line' id='line_1_16' title="bbox 137 1948 1086 2033; baseline 0.002 -20"><span class='ocrx_word' id='word_1_98' title='bbox 137 1969 203 2032; x_wconf 89' lang='lat' dir='ltr'><strong>que</strong></span> <span class='ocrx_word' id='word_1_99' title='bbox 222 1950 372 2014; x_wconf 87' lang='lat' dir='ltr'><strong>secundo</strong></span> <span class='ocrx_word' id='word_1_100' title='bbox 391 1970 483 2014; x_wconf 90' lang='lat' dir='ltr'><strong>anno</strong></span> <span class='ocrx_word' id='word_1_101' title='bbox 500 1948 663 2028; x_wconf 80' lang='lat' dir='ltr'><strong>Aldsridi,</strong></span> <span class='ocrx_word' id='word_1_102' title='bbox 679 1952 739 2033; x_wconf 93' lang='lat' dir='ltr'><strong>qui</strong></span> <span class='ocrx_word' id='word_1_103' title='bbox 757 1957 837 2033; x_wconf 89' lang='lat' dir='ltr'><strong>post</strong></span> <span class='ocrx_word' id='word_1_104' title='bbox 852 1950 1034 2031; x_wconf 86' lang='lat' dir='ltr'><strong>ngridum</strong></span> <span class='ocrx_word' id='word_1_105' title='bbox 1049 1953 1086 2027; x_wconf 85' lang='lat' dir='ltr'><strong>in</strong></span> 
     </span>
    </p>

    <p class='ocr_par' dir='ltr' id='par_1_3' title="bbox 136 2048 1086 2231">
     <span class='ocr_line' id='line_1_17' title="bbox 136 2048 1086 2134; baseline 0.003 -21"><span class='ocrx_word' id='word_1_106' title='bbox 136 2048 172 2113; x_wconf 94' lang='lat' dir='ltr'>N</span> <span class='ocrx_word' id='word_1_107' title='bbox 173 2049 457 2114; x_wconf 84' lang='lat' dir='ltr'><strong>orthanhumbria</strong></span> <span class='ocrx_word' id='word_1_108' title='bbox 474 2051 644 2132; x_wconf 80' lang='lat' dir='ltr'><strong>regnavit,</strong></span> <span class='ocrx_word' id='word_1_109' title='bbox 653 2052 770 2114; x_wconf 90' lang='lat' dir='ltr'><strong>sedem</strong></span> <span class='ocrx_word' id='word_1_110' title='bbox 784 2068 896 2126; x_wconf 89' lang='lat' dir='ltr'><strong>suam,</strong></span> <span class='ocrx_word' id='word_1_111' title='bbox 912 2051 989 2132; x_wconf 90' lang='lat' dir='ltr'><strong>ipso</strong></span> <span class='ocrx_word' id='word_1_112' title='bbox 1004 2071 1086 2134; x_wconf 82' lang='lat' dir='ltr'><strong>rege</strong></span> 
     </span>
     <span class='ocr_line' id='line_1_18' title="bbox 136 2148 457 2231; baseline 0.003 -20"><span class='ocrx_word' id='word_1_113' title='bbox 136 2148 299 2227; x_wconf 90' lang='lat' dir='ltr'><strong>donante,</strong></span> <span class='ocrx_word' id='word_1_114' title='bbox 315 2150 457 2231; x_wconf 87' lang='lat' dir='ltr'><strong>recepit.</strong></span> 
     </span>
    </p>

    <p class='ocr_par' dir='ltr' id='par_1_4' title="bbox 87 2247 1223 4017">
     <span class='ocr_line' id='line_1_19' title="bbox 87 2247 1223 2355; baseline 0.005 -44"><span class='ocrx_word' id='word_1_115' title='bbox 87 2274 92 2279; x_wconf 95' lang='lat'><em>·</em></span> <span class='ocrx_word' id='word_1_116' title='bbox 202 2247 368 2329; x_wconf 81' lang='lat' dir='ltr'><strong>Ingresso</strong></span> <span class='ocrx_word' id='word_1_117' title='bbox 399 2257 553 2330; x_wconf 88' lang='lat' dir='ltr'><strong>tempore</strong></span> <span class='ocrx_word' id='word_1_118' title='bbox 582 2248 745 2330; x_wconf 84' lang='lat' dir='ltr'><strong>quodam,</strong></span> <span class='ocrx_word' id='word_1_119' title='bbox 784 2268 861 2312; x_wconf 87' lang='lat' dir='ltr'><strong>cum</strong></span> <span class='ocrx_word' id='word_1_120' title='bbox 903 2248 1085 2330; x_wconf 87' lang='lat' dir='ltr'><strong>parochias</strong></span> <span class='ocrx_word' id='word_1_121' title='bbox 1097 2265 1223 2355; x_wconf 58' lang='lat' dir='ltr'><strong>ququam</strong></span> 
     </span>
     <span class='ocr_line' id='line_1_20' title="bbox 135 2345 1085 2431; baseline 0 -21"><span class='ocrx_word' id='word_1_122' title='bbox 135 2347 305 2424; x_wconf 86' lang='lat' dir='ltr'><strong>visitaret,</strong></span> <span class='ocrx_word' id='word_1_123' title='bbox 331 2347 451 2412; x_wconf 90' lang='lat' dir='ltr'><strong>villam</strong></span> <span class='ocrx_word' id='word_1_124' title='bbox 474 2345 649 2423; x_wconf 88' lang='lat' dir='ltr'><strong>Wilfrido,</strong></span> <span class='ocrx_word' id='word_1_125' title='bbox 672 2367 751 2429; x_wconf 84' lang='lat' dir='ltr'><strong>quae</strong></span> <span class='ocrx_word' id='word_1_126' title='bbox 777 2347 997 2412; x_wconf 87' lang='lat' dir='ltr'><strong>Tundanefre</strong></span> <span class='ocrx_word' id='word_1_127' title='bbox 1023 2367 1085 2431; x_wconf 90' lang='lat' dir='ltr'><strong>ap·</strong></span> 
     </span>
     <span class='ocr_line' id='line_1_21' title="bbox 137 2446 1088 2528; baseline 0.001 -19"><span class='ocrx_word' id='word_1_128' title='bbox 137 2446 298 2528; x_wconf 84' lang='lat' dir='ltr'><strong>pellatur,</strong></span> <span class='ocrx_word' id='word_1_129' title='bbox 332 2446 483 2511; x_wconf 89' lang='lat' dir='ltr'><strong>occurrit</strong></span> <span class='ocrx_word' id='word_1_130' title='bbox 511 2447 543 2509; x_wconf 92' lang='lat' dir='ltr'><strong>ei</strong></span> <span class='ocrx_word' id='word_1_131' title='bbox 576 2446 758 2510; x_wconf 91' lang='lat' dir='ltr'><strong>mulierum</strong></span> <span class='ocrx_word' id='word_1_132' title='bbox 788 2447 935 2528; x_wconf 90' lang='lat' dir='ltr'><strong>plurima</strong></span> <span class='ocrx_word' id='word_1_133' title='bbox 970 2447 1088 2511; x_wconf 88' lang='lat' dir='ltr'><strong>multi-</strong></span> 
     </span>
     <span class='ocr_line' id='line_1_22' title="bbox 136 2544 1088 2628; baseline 0.002 -21"><span class='ocrx_word' id='word_1_134' title='bbox 136 2545 232 2623; x_wconf 91' lang='lat' dir='ltr'><strong>tudo,</strong></span> <span class='ocrx_word' id='word_1_135' title='bbox 268 2565 395 2628; x_wconf 92' lang='lat' dir='ltr'><strong>pueros</strong></span> <span class='ocrx_word' id='word_1_136' title='bbox 425 2545 476 2608; x_wconf 94' lang='lat' dir='ltr'><strong>illi</strong></span> <span class='ocrx_word' id='word_1_137' title='bbox 506 2544 652 2608; x_wconf 85' lang='lat' dir='ltr'><strong>offerens</strong></span> <span class='ocrx_word' id='word_1_138' title='bbox 686 2545 950 2610; x_wconf 87' lang='lat' dir='ltr'><strong>confirmandos.</strong></span> <span class='ocrx_word' id='word_1_139' title='bbox 1016 2545 1088 2609; x_wconf 89' lang='lat' dir='ltr'><strong>Im·</strong></span> 
     </span>
     <span class='ocr_line' id='line_1_23' title="bbox 135 2643 1087 2727; baseline 0.001 -20"><span class='ocrx_word' id='word_1_140' title='bbox 135 2645 274 2709; x_wconf 87' lang='lat' dir='ltr'><strong>miscuit</strong></span> <span class='ocrx_word' id='word_1_141' title='bbox 295 2654 412 2708; x_wconf 89' lang='lat' dir='ltr'><strong>autem</strong></span> <span class='ocrx_word' id='word_1_142' title='bbox 434 2663 473 2708; x_wconf 85' lang='lat' dir='ltr'><strong>se</strong></span> <span class='ocrx_word' id='word_1_143' title='bbox 492 2643 706 2708; x_wconf 89' lang='lat' dir='ltr'><strong>multitudini</strong></span> <span class='ocrx_word' id='word_1_144' title='bbox 726 2645 938 2727; x_wconf 86' lang='lat' dir='ltr'><strong>paupercula</strong></span> <span class='ocrx_word' id='word_1_145' title='bbox 963 2645 1087 2709; x_wconf 92' lang='lat' dir='ltr'><strong>mulier</strong></span> 
     </span>
     <span class='ocr_line' id='line_1_24' title="bbox 135 2736 1088 2826; baseline -0.005 -20"><span class='ocrx_word' id='word_1_146' title='bbox 135 2736 262 2807; x_wconf 89' lang='lat' dir='ltr'><strong>¹filium</strong></span> <span class='ocrx_word' id='word_1_147' title='bbox 291 2764 415 2826; x_wconf 76' lang='lat' dir='ltr'><strong>gerens</strong></span> <span class='ocrx_word' id='word_1_148' title='bbox 447 2744 655 2820; x_wconf 86' lang='lat' dir='ltr'><strong>exanimem,</strong></span> <span class='ocrx_word' id='word_1_149' title='bbox 681 2762 783 2824; x_wconf 92' lang='lat' dir='ltr'><strong>quem</strong></span> <span class='ocrx_word' id='word_1_150' title='bbox 812 2744 856 2807; x_wconf 88' lang='lat' dir='ltr'><strong>ad</strong></span> <span class='ocrx_word' id='word_1_151' title='bbox 882 2744 1088 2808; x_wconf 80' lang='lat' dir='ltr'><strong>confirman-</strong></span> 
     </span>
     <span class='ocr_line' id='line_1_25' title="bbox 135 2842 1086 2925; baseline 0.002 -19"><span class='ocrx_word' id='word_1_152' title='bbox 135 2843 216 2907; x_wconf 92' lang='lat' dir='ltr'><strong>dum</strong></span> <span class='ocrx_word' id='word_1_153' title='bbox 247 2843 409 2925; x_wconf 87' lang='lat' dir='ltr'><strong>episcopo</strong></span> <span class='ocrx_word' id='word_1_154' title='bbox 437 2843 605 2924; x_wconf 85' lang='lat' dir='ltr'><strong>porrexit,</strong></span> <span class='ocrx_word' id='word_1_155' title='bbox 631 2843 775 2906; x_wconf 87' lang='lat' dir='ltr'><strong>credens</strong></span> <span class='ocrx_word' id='word_1_156' title='bbox 801 2842 866 2906; x_wconf 90' lang='lat' dir='ltr'><strong>hoc</strong></span> <span class='ocrx_word' id='word_1_157' title='bbox 892 2853 1086 2909; x_wconf 92' lang='lat' dir='ltr'><strong>commento</strong></span> 
     </span>
     <span class='ocr_line' id='line_1_26' title="bbox 135 2941 1086 3025; baseline 0 -18"><span class='ocrx_word' id='word_1_158' title='bbox 135 2962 238 3025; x_wconf 86' lang='lat' dir='ltr'><strong>posse</strong></span> <span class='ocrx_word' id='word_1_159' title='bbox 270 2962 308 3005; x_wconf 90' lang='lat' dir='ltr'><strong>se</strong></span> <span class='ocrx_word' id='word_1_160' title='bbox 337 2941 445 3007; x_wconf 88' lang='lat' dir='ltr'><strong>filium</strong></span> <span class='ocrx_word' id='word_1_161' title='bbox 479 2942 630 3022; x_wconf 90' lang='lat' dir='ltr'><strong>recipere</strong></span> <span class='ocrx_word' id='word_1_162' title='bbox 661 2961 810 3020; x_wconf 83' lang='lat' dir='ltr'><strong>sanum3</strong></span> <span class='ocrx_word' id='word_1_163' title='bbox 846 2941 907 3005; x_wconf 91' lang='lat' dir='ltr'><strong>sed</strong></span> <span class='ocrx_word' id='word_1_164' title='bbox 941 2943 1086 3007; x_wconf 86' lang='lat' dir='ltr'><strong>antistes</strong></span> 
     </span>
     <span class='ocr_line' id='line_1_27' title="bbox 135 3039 1086 3124; baseline -0.001 -20"><span class='ocrx_word' id='word_1_165' title='bbox 135 3060 212 3105; x_wconf 90' lang='lat' dir='ltr'><strong>cum</strong></span> <span class='ocrx_word' id='word_1_166' title='bbox 230 3060 375 3124; x_wconf 89' lang='lat' dir='ltr'><strong>puerum</strong></span> <span class='ocrx_word' id='word_1_167' title='bbox 396 3041 598 3116; x_wconf 84' lang='lat' dir='ltr'><strong>detexisset,</strong></span> <span class='ocrx_word' id='word_1_168' title='bbox 616 3048 655 3104; x_wconf 96' lang='lat' dir='ltr'><strong>ut</strong></span> <span class='ocrx_word' id='word_1_169' title='bbox 674 3049 904 3123; x_wconf 85' lang='lat' dir='ltr'><strong>exequeretur</strong></span> <span class='ocrx_word' id='word_1_170' title='bbox 925 3039 1086 3118; x_wconf 92' lang='lat' dir='ltr'><strong>officium,</strong></span> 
     </span>
     <span class='ocr_line' id='line_1_28' title="bbox 136 3138 1086 3223; baseline -0.004 -16"><span class='ocrx_word' id='word_1_171' title='bbox 136 3142 251 3207; x_wconf 79' lang='lat' dir='ltr'><strong>anima</strong></span> <span class='ocrx_word' id='word_1_172' title='bbox 280 3139 456 3223; x_wconf 89' lang='lat' dir='ltr'><strong>privatum</strong></span> <span class='ocrx_word' id='word_1_173' title='bbox 487 3139 649 3203; x_wconf 89' lang='lat' dir='ltr'><strong>advertit.</strong></span> <span class='ocrx_word' id='word_1_174' title='bbox 701 3140 792 3203; x_wconf 89' lang='lat' dir='ltr'><strong>Tum</strong></span> <span class='ocrx_word' id='word_1_175' title='bbox 817 3141 939 3203; x_wconf 89' lang='lat' dir='ltr'><strong>mulier</strong></span> <span class='ocrx_word' id='word_1_176' title='bbox 965 3138 1086 3203; x_wconf 87' lang='lat' dir='ltr'><strong>fraude</strong></span> 
     </span>
     <span class='ocr_line' id='line_1_29' title="bbox 135 3238 1088 3323; baseline -0.001 -21"><span class='ocrx_word' id='word_1_177' title='bbox 135 3238 360 3323; x_wconf 88' lang='lat' dir='ltr'><strong>deprehensa,</strong></span> <span class='ocrx_word' id='word_1_178' title='bbox 381 3238 425 3302; x_wconf 84' lang='lat' dir='ltr'><strong>ad</strong></span> <span class='ocrx_word' id='word_1_179' title='bbox 451 3258 570 3321; x_wconf 89' lang='lat' dir='ltr'><strong>preces</strong></span> <span class='ocrx_word' id='word_1_180' title='bbox 593 3257 762 3302; x_wconf 87' lang='lat' dir='ltr'><strong>conversa</strong></span> <span class='ocrx_word' id='word_1_181' title='bbox 784 3256 1002 3318; x_wconf 87' lang='lat' dir='ltr'><strong>exoransque</strong></span> <span class='ocrx_word' id='word_1_182' title='bbox 1024 3256 1088 3320; x_wconf 90' lang='lat' dir='ltr'><strong>per</strong></span> 
     </span>
     <span class='ocr_line' id='line_1_30' title="bbox 136 3337 1085 3422; baseline -0.004 -19"><span class='ocrx_word' id='word_1_183' title='bbox 136 3338 250 3403; x_wconf 90' lang='lat' dir='ltr'><strong>Deum</strong></span> <span class='ocrx_word' id='word_1_184' title='bbox 267 3346 303 3403; x_wconf 88' lang='lat' dir='ltr'><strong>ot</strong></span> <span class='ocrx_word' id='word_1_185' title='bbox 319 3338 395 3422; x_wconf 89' lang='lat' dir='ltr'><strong>ejus</strong></span> <span class='ocrx_word' id='word_1_186' title='bbox 416 3346 574 3413; x_wconf 85' lang='lat' dir='ltr'><strong>matrem,</strong></span> <span class='ocrx_word' id='word_1_187' title='bbox 592 3344 631 3401; x_wconf 92' lang='lat' dir='ltr'><strong>ut</strong></span> <span class='ocrx_word' id='word_1_188' title='bbox 652 3345 767 3401; x_wconf 88' lang='lat' dir='ltr'><strong>motus</strong></span> <span class='ocrx_word' id='word_1_189' title='bbox 790 3337 920 3418; x_wconf 85' lang='lat' dir='ltr'><strong>pietate</strong></span> <span class='ocrx_word' id='word_1_190' title='bbox 941 3354 1085 3417; x_wconf 89' lang='lat' dir='ltr'><strong>puerum</strong></span> 
     </span>
     <span class='ocr_line' id='line_1_31' title="bbox 135 3434 1088 3517; baseline 0 -17"><span class='ocrx_word' id='word_1_191' title='bbox 135 3438 329 3503; x_wconf 82' lang='lat' dir='ltr'><strong>exanimem</strong></span> <span class='ocrx_word' id='word_1_192' title='bbox 347 3437 529 3513; x_wconf 83' lang='lat' dir='ltr'><strong>excitaret,</strong></span> <span class='ocrx_word' id='word_1_193' title='bbox 547 3437 773 3517; x_wconf 82' lang='lat' dir='ltr'><strong>vestigiisque</strong></span> <span class='ocrx_word' id='word_1_194' title='bbox 794 3436 903 3517; x_wconf 88' lang='lat' dir='ltr'><strong>ipsius</strong></span> <span class='ocrx_word' id='word_1_195' title='bbox 920 3434 1088 3500; x_wconf 87' lang='lat' dir='ltr'><strong>advoluta</strong></span> 
     </span>
     <span class='ocr_line' id='line_1_32' title="bbox 136 3535 1087 3622; baseline 0 -22"><span class='ocrx_word' id='word_1_196' title='bbox 136 3535 258 3622; x_wconf 88' lang='lat' dir='ltr'><strong>[dixit]</strong></span> <span class='ocrx_word' id='word_1_197' title='bbox 274 3556 312 3600; x_wconf 89' lang='lat' dir='ltr'><strong>se</strong></span> <span class='ocrx_word' id='word_1_198' title='bbox 329 3557 399 3601; x_wconf 92' lang='lat' dir='ltr'><strong>non</strong></span> <span class='ocrx_word' id='word_1_199' title='bbox 416 3555 628 3600; x_wconf 89' lang='lat' dir='ltr'><strong>recessuram</strong></span> <span class='ocrx_word' id='word_1_200' title='bbox 645 3554 667 3598; x_wconf 95' lang='lat' dir='ltr'><strong>a</strong></span> <span class='ocrx_word' id='word_1_201' title='bbox 684 3535 827 3616; x_wconf 89' lang='lat' dir='ltr'><strong>pedibus</strong></span> <span class='ocrx_word' id='word_1_202' title='bbox 843 3553 930 3615; x_wconf 89' lang='lat' dir='ltr'><strong>quos</strong></span> <span class='ocrx_word' id='word_1_203' title='bbox 948 3536 1087 3600; x_wconf 85' lang='lat' dir='ltr'><strong>tenebat</strong></span> 
     </span>
     <span class='ocr_line' id='line_1_33' title="bbox 135 3634 1087 3717; baseline -0.004 -16"><span class='ocrx_word' id='word_1_204' title='bbox 135 3637 243 3701; x_wconf 89' lang='lat' dir='ltr'><strong>donec</strong></span> <span class='ocrx_word' id='word_1_205' title='bbox 254 3635 362 3699; x_wconf 88' lang='lat' dir='ltr'><strong>filium</strong></span> <span class='ocrx_word' id='word_1_206' title='bbox 372 3655 495 3700; x_wconf 85' lang='lat' dir='ltr'><strong>sanum</strong></span> <span class='ocrx_word' id='word_1_207' title='bbox 506 3636 704 3717; x_wconf 89' lang='lat' dir='ltr'><strong>recepisset.</strong></span> <span class='ocrx_word' id='word_1_208' title='bbox 729 3634 1087 3698; x_wconf 82' lang='lat' dir='ltr'><strong>Fluctuahatinlerim</strong></span> 
     </span>
     <span class='ocr_line' id='line_1_34' title="bbox 135 3733 1086 3809; baseline -0.003 -9"><span class='ocrx_word' id='word_1_209' title='bbox 135 3735 344 3800; x_wconf 84' lang='lat' dir='ltr'><strong>sanctissimi</strong></span> <span class='ocrx_word' id='word_1_210' title='bbox 366 3735 516 3799; x_wconf 91' lang='lat' dir='ltr'><strong>hominis</strong></span> <span class='ocrx_word' id='word_1_211' title='bbox 541 3734 726 3809; x_wconf 89' lang='lat' dir='ltr'><strong>sententia,</strong></span> <span class='ocrx_word' id='word_1_212' title='bbox 749 3753 793 3797; x_wconf 88' lang='lat' dir='ltr'><strong>an</strong></span> <span class='ocrx_word' id='word_1_213' title='bbox 821 3740 948 3797; x_wconf 89' lang='lat' dir='ltr'><strong>temere</strong></span> <span class='ocrx_word' id='word_1_214' title='bbox 969 3733 1086 3797; x_wconf 89' lang='lat' dir='ltr'><strong>insue-</strong></span> 
     </span>
     <span class='ocr_line' id='line_1_35' title="bbox 135 3831 1086 3915; baseline -0.002 -15"><span class='ocrx_word' id='word_1_215' title='bbox 135 3843 208 3900; x_wconf 84' lang='lat' dir='ltr'><strong>tum</strong></span> <span class='ocrx_word' id='word_1_216' title='bbox 238 3835 441 3899; x_wconf 89' lang='lat' dir='ltr'><strong>miraculum</strong></span> <span class='ocrx_word' id='word_1_217' title='bbox 465 3840 664 3909; x_wconf 86' lang='lat' dir='ltr'><strong>attentaret,</strong></span> <span class='ocrx_word' id='word_1_218' title='bbox 694 3852 739 3896; x_wconf 90' lang='lat' dir='ltr'><strong>an</strong></span> <span class='ocrx_word' id='word_1_219' title='bbox 766 3831 872 3896; x_wconf 84' lang='lat' dir='ltr'><strong>durus</strong></span> <span class='ocrx_word' id='word_1_220' title='bbox 894 3832 1086 3915; x_wconf 90' lang='lat' dir='ltr'><strong>despiceret</strong></span> 
     </span>
     <span class='ocr_line' id='line_1_36' title="bbox 133 3931 1086 4017; baseline -0.003 -19"><span class='ocrx_word' id='word_1_221' title='bbox 133 3935 264 3998; x_wconf 83' lang='lat' dir='ltr'><strong>orbatae</strong></span> <span class='ocrx_word' id='word_1_222' title='bbox 281 3933 476 4017; x_wconf 83' lang='lat' dir='ltr'><strong>lachrymas</strong></span> <span class='ocrx_word' id='word_1_223' title='bbox 491 3932 644 3996; x_wconf 86' lang='lat' dir='ltr'><strong>mulieris</strong></span> <span class='ocrx_word' id='word_1_224' title='bbox 658 3953 667 4012; x_wconf 81' lang='lat'><em>3</em></span> <span class='ocrx_word' id='word_1_225' title='bbox 694 3932 755 3995; x_wconf 89' lang='lat' dir='ltr'><strong>sed</strong></span> <span class='ocrx_word' id='word_1_226' title='bbox 772 3932 857 3997; x_wconf 88' lang='lat' dir='ltr'><strong>vicit</strong></span> <span class='ocrx_word' id='word_1_227' title='bbox 878 3931 990 4013; x_wconf 88' lang='lat' dir='ltr'><strong>pietas</strong></span> <span class='ocrx_word' id='word_1_228' title='bbox 1005 3952 1086 4014; x_wconf 90' lang='lat' dir='ltr'><strong>pec·</strong></span> 
     </span>
    </p>
   </div>
   <div class='ocr_carea' id='block_1_3' title="bbox 132 4103 1087 4255">
    <p class='ocr_par' dir='ltr' id='par_1_5' title="bbox 132 4103 1087 4255">
     <span class='ocr_line' id='line_1_37' title="bbox 167 4103 1087 4176; baseline -0.005 -16"><span class='ocrx_word' id='word_1_229' title='bbox 167 4109 176 4144; x_wconf 90' lang='lat'>¹</span> <span class='ocrx_word' id='word_1_230' title='bbox 200 4111 295 4160; x_wconf 74' lang='lat' dir='ltr'><strong>Filim</strong></span> <span class='ocrx_word' id='word_1_231' title='bbox 322 4124 411 4172; x_wconf 74' lang='lat' dir='ltr'><strong>gerens</strong></span> <span class='ocrx_word' id='word_1_232' title='bbox 437 4103 595 4176; x_wconf 70' lang='lat' dir='ltr'><strong>exanimem]</strong></span> <span class='ocrx_word' id='word_1_233' title='bbox 624 4107 717 4169; x_wconf 79' lang='lat' dir='ltr'><strong>dius,§</strong></span> <span class='ocrx_word' id='word_1_234' title='bbox 738 4110 778 4155; x_wconf 84' lang='lat'><strong>18.</strong></span> <span class='ocrx_word' id='word_1_235' title='bbox 813 4106 867 4154; x_wconf 86' lang='lat' dir='ltr'><strong>The</strong></span> <span class='ocrx_word' id='word_1_236' title='bbox 886 4105 959 4167; x_wconf 83' lang='lat' dir='ltr'><strong>place</strong></span> <span class='ocrx_word' id='word_1_237' title='bbox 978 4107 1001 4154; x_wconf 89' lang='lat' dir='ltr'><strong>is</strong></span> <span class='ocrx_word' id='word_1_238' title='bbox 1017 4106 1087 4155; x_wconf 87' lang='lat' dir='ltr'><strong>there</strong></span> 
     </span>
     <span class='ocr_line' id='line_1_38' title="bbox 132 4173 910 4255; baseline -0.006 -23"><span class='ocrx_word' id='word_1_239' title='bbox 132 4181 194 4255; x_wconf 77' lang='lat' dir='ltr'><strong>This</strong></span> <span class='ocrx_word' id='word_1_240' title='bbox 209 4180 313 4231; x_wconf 83' lang='lat' dir='ltr'><strong>miracle</strong></span> <span class='ocrx_word' id='word_1_241' title='bbox 327 4181 350 4230; x_wconf 87' lang='lat' dir='ltr'><strong>is</strong></span> <span class='ocrx_word' id='word_1_242' title='bbox 365 4179 486 4230; x_wconf 84' lang='lat' dir='ltr'><strong>recorded</strong></span> <span class='ocrx_word' id='word_1_243' title='bbox 497 4181 532 4240; x_wconf 83' lang='lat' dir='ltr'><strong>by</strong></span> <span class='ocrx_word' id='word_1_244' title='bbox 544 4178 596 4228; x_wconf 74' lang='grc' dir='ltr'><strong>ΕΔ·</strong></span> <span class='ocrx_word' id='word_1_245' title='bbox 624 4177 707 4227; x_wconf 80' lang='lat' dir='ltr'><strong>called</strong></span> <span class='ocrx_word' id='word_1_246' title='bbox 718 4173 910 4227; x_wconf 76' lang='lat' dir='ltr'><strong>Onliddanusri.</strong></span> 
     </span>
    </p>
   </div>
   <div class='ocr_carea' id='block_1_4' title="bbox 0 0 1504 5004">
    <p class='ocr_par' dir='ltr' id='par_1_6' title="bbox 0 0 1504 5004">
     <span class='ocr_line' id='line_1_39' title="bbox 0 0 1504 5004; baseline 0 0"><span class='ocrx_word' id='word_1_247' title='bbox 0 0 1504 5004; x_wconf 95' lang='lat' dir='ltr'><strong> </strong></span> 
     </span>
    </p>
   </div>
  </div>
 </body>
</html>
