3000 5004
471 386 610 458 §nonus
633 411 903 462 uisronutnuu.
1097 401 1163 465 247

210 564 246 626 in
269 563 330 626 illo
352 582 492 647 quoquo
515 567 662 630 concilio
678 567 768 644 0ffa,
786 587 850 631 rex
867 568 1077 634 Meroiorum
1100 591 1162 653 po-

211 663 438 741 tentissimus,
465 665 501 727 in
532 684 647 745 regem
674 666 756 730 fecit
779 667 978 731 solemniter
1002 673 1161 734 coronari

209 749 406 841 ‘Egsridum,
431 762 537 825 lilium
559 783 658 826 suum
683 766 961 846 primogenitum,
980 769 1040 849 qui
1062 768 1159 832 dein·

210 878 291 940 ceps
315 879 393 922 cum
420 869 531 942 patre,
549 861 689 943 juvenis
714 863 889 945 piissimus
905 872 940 928 et
958 867 1074 930 auimo
1096 887 1158 931 no·

208 957 409 1034 bilissimuS,
441 979 550 1042 usque
577 961 621 1023 ed
651 961 752 1023 finem
777 962 860 1025 vitae
888 962 964 1045 ejus
986 966 1156 1044 regnavit.

210 1056 341 1119 Eodem
357 1072 449 1120 anno
465 1077 528 1120 rex
549 1057 583 1121 N
586 1059 932 1122 orthanhumbrorum
949 1059 1157 1140 Alfwoldus,

209 1156 465 1236 conspiratione
493 1155 587 1219 fecta
615 1159 659 1220 ab
684 1158 759 1240 ejus
784 1158 942 1240 patricio,
965 1159 1071 1239 Sigon
1095 1181 1156 1225 no·

208 1253 311 1328 mine,
327 1254 514 1317 miserabili
537 1264 646 1318 morte
664 1257 798 1318 occisus
816 1264 868 1319 est
879 1256 986 1339 juxta
1004 1257 1156 1335 Murum,

208 1351 309 1433 cujus
328 1370 454 1434 corpus
471 1352 506 1414 in
523 1354 669 1416 ecclesia
686 1353 963 1436 Hagustaldensi
983 1356 1156 1437 sepultum

207 1458 272 1512 est.
312 1449 356 1512 In
372 1451 449 1513 loco
465 1459 593 1528 autem,
611 1472 681 1534 quo
699 1472 762 1515 rex
773 1452 940 1533 praesatus
955 1453 1160 1518 interfectus·

209 1547 285 1624 suit,
303 1567 325 1610 a
342 1548 499 1630 plurimis
513 1551 589 1613 visa
603 1557 657 1613 ost
671 1550 806 1614 coelitus
821 1551 883 1614 lux
902 1552 1039 1626 emissa,
1056 1554 1156 1635 cujus

164 1700 167 1704 ,
206 1647 256 1708 rei
278 1647 434 1709 novitate
456 1667 478 1710 a
500 1648 657 1711 fidelibus
679 1650 746 1712 loci
770 1649 863 1711 illius
887 1642 1048 1713 'ecclesia
1072 1671 1155 1715 oon·

205 1751 342 1807 structa
365 1752 430 1820 est,
452 1755 487 1810 et
512 1748 548 1809 in
570 1747 734 1811 honorem
756 1747 824 1810 Dei
847 1746 971 1810 ibidem
997 1756 1033 1812 et
1055 1769 1155 1813 sanc·

207 1851 321 1906 torum
338 1842 520 1908 cuthberti
538 1852 573 1908 et
588 1847 680 1926 regis
696 1845 851 1909 Osweldi
873 1855 1075 1910 consecrata
1090 1857 1155 1912 est.

206 1941 381 2005 Successit
408 1944 440 2005 ei
463 1944 499 2005 in
527 1962 673 2024 regnum
697 1943 864 2020 Osredus,
889 1944 980 2008 lilius
1002 1944 1156 2023 Aleredi,

204 2032 378 2122 'trinepos
397 2039 470 2103 ldae
490 2041 593 2122 regis,
608 2061 677 2104 uno
692 2061 796 2105 anno.

335 2211 421 2273 Onon
435 2211 619 2294 apparuit
605 2232 640 2273 ιιι
658 2212 842 2275 vestimentis
857 2212 1022 2276 lominum

255 2331 359 2396 Anno
387 2332 528 2396 Domini
565 2349 802 2396 noonxxxrx.
826 2333 989 2415 apparuit
1018 2333 1279 2437 εἰςιιιιιιιὲὴξῃίιι.

203 2432 317 2494 crucis
330 2431 366 2493 in
383 2432 537 2495 vestibus
560 2431 748 2508 hominum,
765 2432 856 2514 quod
873 2432 968 2494 dictu
984 2439 1019 2494 et
1033 2430 1154 2494 auditu
1167 2456 1252 2487 menon

205 2529 360 2593 mirabile
390 2529 468 2592 suit.
521 2528 615 2593 Illud
640 2530 730 2592 enirn
756 2531 887 2593 factum
916 2531 1087 2593 oredimus
1110 2529 1154 2592 od

204 2628 501 2711 praemonitionem
515 2629 668 2709 gentium
684 2629 847 2709 regionis,
862 2637 903 2692 ut
925 2630 1065 2711 plagam
1083 2629 1155 2692 Da·

204 2746 338 2804 norum,
353 2746 432 2810 quae
445 2728 604 2809 proxime
619 2736 739 2790 secuta
756 2736 822 2805 est,
837 2737 979 2811 possent
994 2729 1137 2791 evitare.

339 2909 407 2971 Reor
421 2903 717 2987 Brithrieusfiliam
735 2904 809 2985 Offae
826 2903 904 2988 repis
920 2902 1021 2966 doeh.

254 3028 359 3093 Anno
382 3029 524 3093 Domini
547 3043 679 3090 nocxc.
698 3046 760 3089 rex
776 3023 1042 3089 occidentalium
1064 3022 1154 3085 Sex·
1166 3038 1191 3075 Α
1166 3036 1271 3133 Βῆ
1231 3036 1275 3076 ⁷⁹0
1292 3086 1303 3124 f
1355 3043 1356 3046 ¹

202 3148 307 3192 onum
333 3122 558 3202 ³Brithrious,
582 3135 622 3190 ut
648 3125 849 3207 ampliorem
881 3121 1029 3202 gratiam
1060 3121 1153 3202 apud
1166 3085 1292 3175 munh?

203 3227 415 3309 propinquos
440 3226 623 3301 inveniret,
637 3217 762 3286 ⁴filiam
778 3221 866 3285 offae
889 3219 981 3300 regis
1004 3217 1154 3282 Mercio·

203 3344 291 3401 rum,
308 3345 349 3388 eo
376 3332 530 3406 tempore
552 3320 796 3406 potentissimi,
813 3320 849 3382 in
871 3317 1071 3400 conjugium
1095 3335 1153 3379 oc·

202 3424 316 3506 cepit;
348 3422 448 3505 eujus
480 3421 648 3485 affinitate
684 3419 791 3481 fultus
821 3417 1010 3496 Egbertum
1041 3415 1152 3478 solum

202 3522 329 3603 regalis
363 3521 534 3604 prosapiae
572 3518 804 3602 superstitem,
836 3533 938 3596 quem
970 3514 1068 3595 regni
1097 3513 1153 3575 sui

200 3620 411 3684 utilitatibus
440 3619 594 3682 futurum
618 3616 793 3680 metuebat
815 3613 962 3688 hostem,
979 3612 1016 3675 in
1042 3612 1152 3675 Fron-

236 3819 368 3871 mecum
388 3825 526 3870 commoto
544 3823 590 3868 est.
596 3819 607 3882 ]
625 3819 665 3867 Si·
690 3815 830 3875 Beorhtric‚
842 3813 892 3863 end
903 3812 945 3861 the
960 3813 1053 3863 arrivol
1068 3813 1098 3867 oi
1111 3813 1152 3861 the

200 3906 283 3948 meon,
294 3891 327 3938 od
338 3906 381 3939 un
391 3895 449 3939 789.
690 3886 789 3935 Danish
809 3850 914 3944 v'essele,
931 3896 974 3931 ure
992 3881 1102 3932 referred
1119 3883 1153 3944 by

237 3957 410 4023 ’Τήιφοι.]
435 3958 497 4006 This
519 3956 611 4006 should
634 3956 665 4004 he
690 3956 732 4004 the
750 3956 811 4002 Sex.
823 3953 916 4001 Chron.
928 3957 953 4000 to
970 3950 1013 3999 the
1024 3967 1085 4013 year
1095 3956 1153 4001 787

199 4028 375 4090 ‘trinepotisf
393 4043 436 4078 see
456 4028 546 4088 above,
568 4026 601 4074 od
624 4018 1023 4084 an.00mparen1a1msb.§4u.

201 4093 357 4159 irremote.
726 4091 841 4140 ⁴Ft’liom
855 4085 1154 4158 Offoe‚]byno1neEod·

235 4166 423 4227 ³Britltrierm]
440 4165 493 4214 'l'he
506 4179 629 4226 marriage
640 4162 669 4212 oi
690 4161 772 4221 burh,
789 4162 849 4210 Sex.
861 4159 955 4210 Chron.
