3000 5004
341 465 405 531 180
588 478 723 529 socam
750 478 798 524 us
820 477 1028 526 wnunovsa

340 637 435 702 humi
451 643 597 720 partem,
611 636 669 699 ubi
690 655 817 718 aquam
839 642 984 699 noverat
1005 633 1112 696 fuisse
1133 631 1291 708 effusam,

341 756 412 819 qua
426 755 552 817 corpus
575 735 667 798 beati
687 735 797 816 patris
818 733 1018 797 defunctum
1037 733 1147 796 lotum
1163 730 1291 807 suerat,

341 837 379 899 in
409 854 536 916 aquam
566 834 720 908 mittens,
755 833 807 896 ori
838 832 1002 914 patientis
1030 830 1185 909 inludit3
1217 830 1291 912 qni,

342 935 508 998 contiuuo
531 940 570 996 ut
593 951 718 1015 aquam
742 931 872 1012 attigit,
894 930 1008 994 furere
1029 929 1192 1006 cessavit,
1215 928 1292 1012 pla·

343 1032 420 1096 cido
442 1051 567 1114 sopore
588 1037 725 1095 noctem
742 1029 924 1111 transegit,
939 1037 975 1093 et
997 1047 1099 1092 mane
1115 1028 1209 1092 sacto
1231 1047 1295 1110 per

342 1130 507 1195 virtutem
524 1131 617 1195 beati
631 1129 741 1212 patris
757 1128 1137 1192 Cuthbertiliberatum
1155 1146 1194 1190 sc
1216 1145 1294 1190 esse

343 1229 519 1312 cognovit.
571 1229 732 1309 Denique
757 1228 943 1291 transactis
967 1245 990 1290 a
1011 1226 1192 1309 sepultura
1215 1226 1294 1310 ejus

343 1328 501 1392 undecim
530 1329 643 1404 annis,
672 1327 813 1390 immisit
842 1326 940 1390 Deus
969 1326 1006 1389 in
1034 1325 1193 1389 cordibus
1221 1324 1293 1388 fra-

343 1435 448 1504 trum,
464 1435 504 1491 ut
524 1445 668 1509 corpore
678 1426 765 1509 jam,
785 1432 824 1488 nt
843 1424 1040 1501 credebaut,
1060 1424 1096 1487 in
1114 1424 1294 1507 pulverem

343 1527 497 1602 redacto,
518 1545 600 1590 ossa
625 1543 719 1588 more
744 1531 959 1587 mortuorum
979 1523 1055 1606 jam
1080 1522 1236 1587 arelacta
1256 1530 1295 1586 et

343 1624 519 1688 desiccata
544 1625 581 1687 in
607 1623 676 1687 levi
700 1622 824 1687 locello
849 1621 1085 1686 reconderent.
1138 1622 1232 1686 Dum
1255 1621 1292 1685 id

345 1722 518 1786 Eadberto
533 1722 680 1785 antistiti
695 1741 759 1786 suo
774 1720 952 1798 referrent,
972 1740 1090 1784 eorum
1110 1720 1293 1785 consilium

344 1820 563 1903 approbavit,
587 1819 695 1902 jussit
720 1839 816 1902 ergo,
845 1827 885 1883 ut
913 1821 949 1883 iu
980 1819 1036 1883 die
1065 1819 1293 1902 depositionis

345 1919 421 2002 ejus
453 1919 519 1982 hoc
552 1917 731 1997 lacerent3
763 1920 823 2000 qui
851 1919 1045 2001 aperientes
1072 1917 1294 2001 sepulchrum

345 2009 552 2082 inuenerunt
571 2036 696 2100 corpus
716 2025 827 2082 totum
842 2018 942 2099 quasi
963 2017 1076 2080 adhuc
1090 2018 1224 2082 viveret
1241 2018 1295 2080 in-

345 2127 482 2199 tegrum
510 2124 546 2180 et
567 2117 711 2198 integris
739 2124 878 2180 artuum
902 2116 1126 2198 compagibus
1146 2115 1297 2180 indisso·

346 2217 470 2294 lutum,
493 2215 602 2281 multo
629 2215 813 2280 dormienti
842 2214 989 2278 similius
1013 2233 1118 2297 quam
1145 2224 1296 2294 mortno,

346 2316 398 2381 ita
419 2316 568 2397 quidem,
586 2315 679 2397 quod
699 2314 814 2378 omnia
832 2314 907 2398 ejus
927 2314 1142 2391 indumenta,
1159 2314 1297 2396 quibus,

347 2421 387 2478 ut
401 2414 597 2496 pontificem
607 2414 763 2490 decebat,
778 2413 920 2476 indutus
935 2413 1060 2490 suerat,
1073 2413 1296 2495 integerrima

347 2512 418 2575 sint
447 2513 600 2576 iuventa.
653 2511 734 2575 Hac
762 2520 931 2594 praetcrea
957 2519 1164 2595 tempestate
1195 2505 1297 2577 'luna

348 2610 503 2692 eclipsim
517 2629 622 2692 passa
637 2618 692 2674 est
713 2610 899 2675 indictione
916 2619 1063 2690 octava3
1089 2612 1141 2675 sol
1156 2631 1297 2694 quoque

348 2708 474 2774 deiecit
487 2709 572 2773 hora
585 2709 654 2772 diei
664 2711 764 2791 quasi
776 2709 909 2774 decima
917 2710 1038 2792 quinto
1049 2730 1158 2774 nouas
1169 2711 1297 2790 Maias3

290 2860 296 2872 .
349 2817 385 2873 et
407 2809 526 2872 codem
548 2827 640 2871 auno
662 2811 848 2873 subsecuta
877 2816 932 2872 est
956 2810 1161 2890 gravissime
1187 2811 1297 2892 pestis

349 2909 460 2972 tribus
476 2908 662 2984 mensibus,
677 2907 775 2971 sulio
789 2907 961 2983 videlicet,
979 2908 1142 2990 Augusto
1157 2918 1194 2974 et
1211 2908 1299 2992 Sep-

350 3008 492 3088 tembri;
516 3006 651 3089 fuitque
669 3006 792 3071 Romae
808 3007 1003 3071 mortalitas
1017 3027 1156 3090 magna.
1208 3007 1300 3074 flaec

350 3107 497 3188 denique
514 3106 712 3188 pestilentia
726 3106 885 3168 Ticinum
900 3105 987 3169 adeo
1003 3107 1216 3189 depopulata
1231 3115 1298 3185 est,

351 3212 402 3281 ut,
420 3206 553 3269 civibus
578 3224 640 3286 per
658 3204 748 3288 juga
769 3205 938 3268 montium
962 3205 1186 3287 fugientibus
1206 3207 1300 3270 intra

351 3303 533 3386 praefatam
558 3304 677 3366 urbem
702 3302 816 3366 herbae
842 3311 1065 3368 nascerentur
1090 3312 1124 3368 et
1148 3305 1299 3386 fruteta3

352 3403 410 3465 ubi
428 3403 532 3466 etiam
548 3401 617 3466 duo
640 3402 756 3483 angeli
771 3401 954 3466 visibiliter
970 3411 1206 3485 apparuerunt
1225 3423 1300 3486 per-

352 3509 473 3582 gentes
492 3520 554 3583 per
570 3501 759 3577 civitatem,
776 3502 888 3564 bonus
908 3501 1040 3566 scilicet
1061 3509 1096 3566 et
1113 3502 1301 3584 malignus,

352 3601 412 3680 qui
442 3600 601 3680 quotiens
632 3619 710 3661 curn
740 3600 924 3676 venabula,
956 3600 1048 3682 quod
1078 3621 1184 3665 manu
1212 3601 1300 3666 fere·

350 3696 424 3773 hat,
447 3697 575 3761 ostium
597 3697 845 3779 cujuscumque
864 3698 986 3761 domus
1005 3699 1108 3783 jussu
1133 3700 1216 3764 boni
1237 3719 1301 3764 an·

352 3794 421 3874 geli
448 3795 687 3876 percussisset,
715 3803 769 3859 tot
796 3796 838 3859 de
865 3797 983 3860 eadem
1012 3799 1114 3863 domo
1144 3801 1304 3881 sequenti

351 3892 407 3956 die
428 3892 602 3983 hominum
628 3895 798 3958 cadavera
819 3895 1057 3961 trahebantur.
1109 3897 1210 3961 Tunc
1228 3899 1305 3981 qui-

387 4096 480 4149 ¹era
489 4097 620 4169 eclipsim]
638 4103 664 4151 It
674 4103 817 4165 happened,
844 4119 885 4153 an.
913 4105 926 4171 §
956 4110 1003 4163 ης
1031 4107 1111 4168 Reda,
1142 4106 1237 4158 chron.
1262 4109 1302 4158 ed.

353 4170 489 4232 according
510 4174 536 4217 to
559 4170 696 4232 Calvisius,
719 4187 751 4219 on
774 4172 816 4221 the
842 4176 932 4239 sorith,
943 4191 969 4237 p.
982 4180 1021 4227 al.

355 4239 413 4287 leth
430 4238 499 4289 June
519 4243 586 4299 ⁰8⁰3
623 4256 665 4291 see
689 4242 765 4303 l‘agi,
782 4243 815 4290 ad
