2932 4980
333 466 397 529 150
581 463 716 526 nocnnr
740 477 787 524 nn
811 475 1020 524 wunnovnn

335 635 478 712 nutrire,
495 635 554 717 qui
570 654 714 716 regnum
732 640 831 697 tuum
849 631 1038 717 aliquando
1063 632 1127 696 tibi
1148 633 1292 698 auferre

336 742 566 817 praesument3
588 734 680 798 unde
703 732 885 798 consilium
907 732 993 796 utile
1014 733 1078 796 tibi
1099 733 1293 811 crederem,

338 843 400 898 aut
423 854 484 899 eos
509 835 545 897 in
572 833 800 916 longinquum
826 831 930 913 dirigi
951 831 1095 896 exilium
1119 840 1183 897 aut
1204 833 1293 897 mini

172 951 311 992 mummio.
339 933 430 999 tradi
459 935 554 997 sinas
586 933 630 997 ad
655 929 889 1016 perdendum?
945 930 1046 1013 Rege
1071 931 1193 1014 iteque
1222 932 1294 998 hoe

174 1003 273 1048 ⁰⁰⁰⁸¹¹⁸⁸⁵
339 1033 578 1097 dissimulante
604 1041 640 1097 et
665 1032 726 1095 illo
755 1031 896 1115 saepius,
922 1038 962 1095 ut
989 1031 1022 1095 id
1050 1030 1161 1110 lieret,
1185 1032 1292 1098 insti-

338 1140 458 1217 gante,
473 1133 555 1197 dum
568 1152 631 1196 rex
642 1131 758 1214 tepide
774 1131 964 1214 prohibuit,
977 1130 1132 1195 audacie
1149 1133 1294 1197 temeri·

338 1241 447 1298 tatem
476 1241 516 1297 ut
545 1231 770 1314 perderentur
801 1230 956 1295 insontes
988 1230 1137 1295 induxit.
1190 1229 1289 1310 Quid

338 1332 466 1416 plural
518 1329 686 1395 Armatur
717 1331 819 1394 turbo
853 1330 992 1394 nomine
1022 1329 1164 1394 Thuner
1191 1332 1294 1396 rabie

231 1428 233 1432 '
339 1432 522 1508 diabolica,
539 1431 626 1495 etin
641 1431 734 1513 regis
753 1429 923 1507 absentia,
939 1429 1182 1495 innooentibus
1198 1450 1292 1514 prae-

340 1531 421 1596 satis
437 1531 665 1614 ignominiose
682 1530 867 1614 jugulatis,
884 1530 919 1593 in
936 1528 1019 1593 aula
1037 1530 1135 1611 regia
1150 1530 1218 1594 sub
1235 1550 1293 1595 re-

339 1631 411 1712 gali
426 1630 591 1695 cathedra
604 1629 805 1694 indecenter
817 1635 1014 1693 sanctornm
1029 1648 1176 1712 corpora
1190 1648 1292 1713 sepe-

337 1730 427 1794 livit.
480 1729 637 1794 Reverso
659 1730 779 1813 itaque
805 1748 900 1810 rege,
925 1728 1142 1812 intempeste
1172 1731 1292 1795 noctis

338 1830 454 1914 quiete
472 1829 635 1893 columna
649 1830 737 1893 lucis
752 1829 888 1893 celitus
906 1828 1033 1892 emissa
1056 1828 1172 1910 regias
1194 1829 1291 1894 mdes

336 1928 560 1993 inestimabili
592 1929 752 1994 claritate
785 1928 954 2010 replevit3
995 1945 1101 2011 quam
1137 1928 1291 1994 ministri

337 2030 380 2093 de
397 2029 489 2110 regis
506 2028 637 2092 familia
652 2028 825 2092 intuentes
843 2035 879 2091 et
900 2045 973 2110 prae
995 2034 1139 2110 stupore
1157 2029 1196 2093 in
1218 2036 1290 2094 ter·

337 2149 411 2192 ram
427 2136 640 2205 corruentes,
663 2129 699 2191 in
719 2126 906 2192 amentiam
919 2126 991 2191 iere
1008 2128 1169 2192 conversi
1192 2137 1289 2195 sunt.

338 2227 496 2310 Cumque
520 2248 583 2292 rex
600 2227 644 2291 ad
664 2227 851 2291 tumultum
873 2226 1062 2292 satellitum
1085 2228 1290 2310 evigilasset

211 2316 216 2329 '
337 2336 373 2392 ot
389 2347 530 2391 causam
552 2326 722 2391 tumultus
744 2327 882 2410 penitus
903 2326 1113 2409 ignorasset,
1134 2327 1180 2392 de
1203 2348 1288 2393 con-

337 2427 519 2492 suetudine
554 2427 718 2504 surrexit,
753 2433 793 2490 ut
831 2427 1020 2491 matutinos
1052 2425 1214 2508 audiret3
1251 2438 1289 2494 et

337 2545 498 2608 egressus
513 2545 535 2590 a
552 2525 654 2590 domo
675 2526 764 2591 vidit
778 2527 895 2590 orbem
910 2525 993 2591 novi
1014 2526 1209 2609 splendoris
1231 2547 1288 2592 ra·

337 2626 403 2689 diis
430 2633 689 2705 coruscantem
711 2632 748 2689 et
760 2625 961 2689 recordatus
982 2632 1036 2689 est
1057 2645 1120 2690 rex
1135 2625 1179 2690 de
1204 2647 1289 2693 eon-

338 2724 550 2789 sabulatione
567 2745 671 2808 quam
689 2745 768 2789 cum
784 2725 941 2789 ministro
964 2724 1105 2789 sceleris
1119 2724 1290 2794 habuerat

337 2824 380 2888 de
391 2824 573 2908 perdendis
586 2825 714 2908 pneris,
731 2833 767 2889 ct
780 2824 1005 2889 contristatus
1019 2832 1074 2889 est
1086 2826 1201 2892 valde.
1242 2828 1289 2893 Bt

338 2926 449 2989 accito
466 2924 510 2989 ad
526 2944 564 2990 se
581 2924 775 3008 iniquitatis
798 2932 938 2989 auctore
952 2925 1097 3007 requirit
1111 2925 1156 2990 ab
1170 2944 1214 2992 eo
1228 2928 1288 2992 ubi

337 3033 454 3089 essent
478 3025 618 3107 cognati
641 3024 709 3099 sui,
730 3023 791 3106 qui
818 3025 884 3089 sibi
910 3023 1049 3088 adstare
1073 3023 1196 3090 diebus
1216 3028 1289 3092 sin·

338 3125 429 3206 gulis
456 3132 720 3201 consueverant,
740 3143 828 3207 quos
855 3123 910 3189 die
931 3124 1111 3207 praeterita
1130 3124 1199 3190 sibi
1224 3128 1289 3192 ad-

338 3231 432 3288 stare
457 3244 527 3289 non
550 3224 707 3302 viderat;
736 3232 773 3288 at
795 3223 866 3301 ille,
888 3243 984 3289 more
1012 3221 1113 3301 Cain,
1135 3226 1213 3308 regi
1233 3246 1288 3291 re·

336 3324 522 3404 spondens,
547 3325 609 3402 ait,
632 3322 803 3403 ‘Nesci03
832 3323 1000 3407 numquid
1021 3330 1140 3389 custos
1161 3345 1288 3408 puero·

338 3442 413 3486 rum
436 3443 502 3504 ege
522 3444 598 3487 surn
610 3424 642 3488 i'
693 3421 750 3487 Ad
768 3442 870 3506 quem
885 3442 960 3500 rex,
975 3429 985 3457 ‘
998 3421 1107 3488 Serve
1125 3444 1288 3509 nequent,

338 3529 376 3585 tu
391 3523 475 3587 mihi
490 3544 625 3606 semper
642 3524 685 3587 de
708 3524 758 3586 eis
783 3523 926 3587 sinistra
945 3522 1166 3606 praedicasti3
1183 3526 1287 3605 unde,

336 3624 557 3704 nequissime,
575 3631 610 3686 te
625 3630 774 3705 oportet,
786 3623 846 3686 ubi
861 3623 943 3700 sint,
954 3620 1129 3687 indicare?
1181 3624 1288 3690 Cum·

336 3740 403 3803 que
417 3723 566 3803 superbo
581 3722 706 3786 mentis
719 3722 903 3805 supercilio
918 3721 1087 3786 nefandus
1100 3722 1162 3788 ille
1184 3744 1289 3791 even·

336 3827 410 3882 tum
435 3819 485 3882 rei
507 3820 579 3901 regi
605 3822 804 3900 indicasset,
831 3823 940 3886 iratus
964 3830 1018 3886 est
1042 3821 1288 3908 vehementem

335 3917 371 3981 in
394 3937 431 3982 se
454 3938 623 3996 reversus,
638 3921 744 3983 tetius
760 3923 889 3985 crimen
910 3922 1050 3986 sceleris
1074 3922 1112 3985 in
1133 3925 1289 4009 scipsum

335 4018 550 4098 refundebat,
567 4028 603 4083 et
625 4039 731 4102 supra
756 4021 894 4085 modum
918 4021 1083 4086 confusus
1110 4025 1290 4092 residuum

335 4119 446 4184 noctis
473 4120 509 4181 in
542 4120 727 4202 lachrymis
757 4121 962 4185 deducebat.
1014 4121 1175 4189 Tandem
1209 4148 1290 4193 cum

333 4220 405 4285 dies
432 4221 533 4284 terris
563 4220 738 4285 illuxisset
762 4220 1060 4306 archiepiscopum
1092 4222 1291 4295 Densdedit
