2932 4980
173 665 288 708 haband

174 718 245 759 builda
258 714 325 766 shlpa.

186 2324 242 2364 ab.
252 2324 308 2363 loto.

184 2375 230 2414 'rba
240 2373 311 2414 Danu

185 2427 208 2463 at
217 2423 316 2474 Ipeelen.

335 471 401 537 438
594 481 730 531 uocum
755 482 803 528 nn
826 481 1035 529 wunnovua

336 642 402 706 dus
431 662 492 724 per
521 647 631 704 totam
653 637 821 719 Angliam
850 630 858 667 ¹
861 637 970 721 jussit
997 636 1121 718 parari
1154 657 1204 700 ex
1238 646 1302 701 tre·

337 743 447 807 centis
470 749 505 804 et
526 739 645 802 decem
667 736 758 800 hidis
785 754 909 799 navem
935 754 1054 811 unam,
1080 743 1193 800 etex
1217 736 1301 799 hidis

338 848 418 904 octo
442 839 579 920 galeam
602 855 706 898 unam
725 842 760 898 et
778 834 932 898 loricam.
985 834 1122 897 Eodem
1147 843 1300 918 tempore

338 940 448 1003 irater
470 935 591 1019 perfidi
615 935 713 997 ducis
731 933 870 997 Eadrici
888 932 1099 1010 Brithricus,
1117 933 1228 998 homo
1251 935 1298 998 lu·

340 1038 456 1101 hricus
476 1043 511 1099 et
535 1035 717 1116 superbus,
731 1026 955 1098 ²Wlnothum
980 1033 1073 1113 regis
1099 1034 1296 1097 ministrum

339 1135 470 1219 injuste
492 1134 682 1208 accusavit,
705 1132 778 1214 qui,
791 1151 834 1194 ne
856 1136 1050 1213 caperetur,
1067 1130 1195 1213 sugam
1214 1133 1296 1208 iniit,

341 1243 389 1311 et,
421 1232 545 1315 viginti
577 1232 725 1295 navibus
752 1229 949 1312 adquisitis,
977 1230 1166 1311 piraticam
1194 1232 1296 1295 vitam

342 1334 414 1414 egit
449 1350 634 1414 regemque
665 1349 704 1393 se
734 1330 972 1411 insequentem
1002 1329 1116 1393 multo
1147 1337 1298 1412 tempore

340 1433 494 1497 vexavit.

629 1576 758 1663 Serpias
765 1597 858 1662 papa
873 1584 1008 1641 emar.

395 1698 501 1763 Anno
521 1700 664 1763 Domini
687 1717 773 1764 urx.
791 1693 952 1782 ³Sergius
971 1699 1064 1763 sedit
1080 1699 1118 1763 in
1136 1701 1300 1766 cathedra

346 1798 507 1862 Romana
547 1800 648 1862 annis
690 1799 826 1862 duobus
864 1808 900 1863 et
940 1799 1118 1863 mensibus
1165 1821 1298 1865 novem.

345 1896 476 1960 Eodem
506 1916 597 1960 anno
628 1898 793 1963 defuncto
823 1897 1012 1976 Brithrico,
1038 1898 1301 1964 Scireburnensi

345 1996 521 2078 pontifice,
537 1990 719 2060 ⁴Elmarus
734 1997 914 2061 succeseit.

561 2193 610 2257 De
624 2192 757 2258 obtata
766 2192 946 2278 proditione
960 2190 1089 2258 dana.

399 2307 503 2371 Anno
538 2308 678 2373 Domini
707 2325 776 2371 ux.
803 2301 933 2373 ‘novus
960 2307 1144 2371 Danorum
1173 2309 1304 2373 exerci-

350 2414 407 2470 tus
430 2408 522 2489 apud
545 2406 779 2490 Gipeswicum
802 2408 945 2481 veniens
971 2407 1086 2470 indie
1110 2408 1302 2473 Dominicis

350 2507 573 2583 ascensionis,
605 2506 731 2588 praedis
757 2505 885 2569 ibidem
910 2507 1060 2569 vacabat
1092 2517 1129 2570 et
1161 2509 1301 2590 rapinis.

351 2604 564 2684 congregati
596 2613 677 2668 sunt
711 2612 833 2668 contra
861 2623 939 2666 eum
970 2603 1013 2667 ad
1044 2624 1202 2686 pugnam
1233 2607 1301 2670 dux

351 2701 588 2779 Ethelstauus,
608 2704 762 2766 sororius
784 2704 888 2784 regio,
906 2703 1039 2766 Oswini
1063 2712 1099 2767 et
1123 2704 1247 2768 Eadwi
1268 2715 1301 2770 et

350 2800 504 2864 Wlserus
528 2803 700 2879 consules,
726 2810 761 2866 et
787 2802 887 2865 multi
909 2822 987 2865 cum
1016 2803 1066 2865 eis
1092 2803 1300 2885 bellatores;

351 2901 423 2977 sed,
434 2899 561 2982 Anglis
575 2901 694 2983 sugam
711 2921 779 2964 non
796 2901 1055 2978 meditantibus,
1070 2895 1299 2967 ‘'l'urlretillus

351 3007 450 3082 patre
473 3002 596 3063 Dauus
623 3002 741 3082 fugam
771 3001 902 3082 primus
927 3001 1069 3082 incepit,
1095 3002 1189 3066 unde
1212 2998 1302 3066 Dani

352 3099 532 3164 victoriam
565 3100 681 3182 adepti
716 3099 971 3181 biart-angliam
1003 3106 1040 3162 et
1070 3098 1302 3182 Grantebrige

353 3218 430 3262 cum
444 3200 530 3281 ipsis
544 3200 728 3281 paludibus
745 3206 990 3281 pervagantes,
1008 3200 1141 3279 rapinis
1155 3220 1302 3283 quaeque

351 3297 418 3360 sibi
433 3299 536 3362 obvia
550 3306 585 3362 et
598 3296 764 3361 incendiis
780 3298 1031 3375 devastabant3
1046 3296 1172 3362 deinde
1184 3319 1303 3363 versus

353 3396 563 3461 occidentem
594 3398 817 3474 divertentes,
857 3397 1058 3478 provincias
1090 3397 1301 3462 Huntendu·

387 3609 491 3660 ¹Juseit
506 3611 614 3676 pareri]
638 3614 672 3662 So
690 3613 733 3662 the
751 3613 812 3662 Sex.
838 3611 1004 3674 year,beiora
1014 3613 1199 3677 neonsul„
1212 3617 1303 3667 blansi.

353 3680 457 3742 Chron,
468 3681 613 3743 Huntingd,
624 3682 674 3731 and
687 3684 753 3732 Flor.
874 3682 884 3710 ⁴
896 3683 1033 3745 Bima]
1050 3682 1089 3732 Os
1096 3683 1141 3733 the
1151 3687 1214 3736 time
1224 3688 1254 3736 oi
1265 3688 1305 3736 hie

388 3748 398 3775 ²
414 3751 576 3814 erothem.]
594 3752 635 3800 He
647 3767 701 3800 was
717 3753 759 3800 the
776 3751 813 3800 fn-
839 3751 915 3801 death
927 3752 1032 3813 nothing
1042 3753 1065 3800 ia
1077 3753 1181 3804 known.

353 3818 814 3880 therosearlGodwin;Sax.Chron.
876 3819 979 3870 ⁸qu
1001 3822 1129 3872 bmn-
1148 3826 1304 3889 aurita]

353 3886 386 3934 ad
402 3901 443 3935 an.
464 3892 537 3948 lobs,
554 3889 638 3938 where
657 3891 677 3937 it
693 3891 715 3938 is
733 3891 815 3939 stated
839 3890 893 3938 The
904 3895 991 3942 events
1007 3892 1036 3940 oi
1048 3892 1099 3940 this
1114 3908 1177 3954 year
1191 3909 1235 3943 are
1252 3897 1302 3944 told

353 3954 408 4004 that
425 3955 467 4004 the
482 3958 628 4005 accusation
644 3959 672 4007 of
686 3959 815 4009 Wulinrth
841 3975 908 4008 mora
924 3966 951 4008 at
967 3960 1054 4023 length
1073 3962 1106 4022 by
1125 3963 1204 4024 Flac,
1220 3964 1305 4014 Hunt-

354 4025 414 4075 took
425 4026 498 4088 place
509 4027 535 4075 in
546 4026 597 4075 this
606 4043 676 4090 year,
687 4044 715 4078 or
724 4045 740 4079 a
750 4029 815 4078 little
841 4030 911 4092 ingd.
922 4029 973 4078 and
984 4031 1010 4078 in
1021 4029 1064 4079 the
1074 4032 1137 4081 Su.
1147 4032 1242 4083 Chron.

353 4096 446 4145 before.
876 4097 1090 4161 ‘lhrketillusd
1119 4103 1304 4163 ‘cognomento

389 4163 687 4229 ⁸Sergiua,]theiourth.
706 4168 814 4217 Hedied
844 4169 1047 4231 Myranheniod,'
1071 4170 1160 4232 Flor.;
1191 4173 1239 4222 ‘id
1258 4179 1304 4236 est,

354 4235 381 4282 in
393 4239 467 4299 1⁰12,
477 4236 556 4285 about
566 4237 608 4286 the
618 4237 712 4286 middle
729 4237 759 4286 oi
773 4237 814 4288 the
841 4245 919 4301 caput
929 4234 1057 4301 formica}
1069 4239 1215 4306 Huntingd.
