3000 5004
350 434 417 497 520
609 450 744 499 socrui
769 450 815 497 nn
837 449 1044 498 wennovnn

189 623 293 664 meu«
350 607 524 684 inchoato,
538 613 578 672 ut
599 608 734 673 animos
755 607 960 671 bellatorum
983 605 1198 683 accenderet,
1217 606 1305 670 Dei-

189 674 301 724 m'*
351 726 419 789 que
451 706 583 770 auxilio
611 707 811 783 inclamato,
845 706 1003 790 praelium
1043 705 1302 770 commiserunt.

351 805 526 870 Bellatum
542 813 596 870 est
611 807 738 870 acriter
756 805 836 869 hinc
859 815 895 869 et
916 806 1008 882 inde,
1024 806 1155 869 neutris
1175 805 1303 868 ceden-

350 904 456 981 tibus,
470 906 506 967 in
523 903 735 968 multabere
751 904 819 967 diei
832 924 842 983 3
868 924 937 987 quo
957 912 1146 986 comperto,
1162 903 1303 966 Willel·

350 1021 426 1065 mus
450 1003 565 1066 innuit
585 1004 671 1081 suis,
696 1012 736 1066 ut
758 1004 840 1067 ficta
856 1023 894 1066 se
912 1003 996 1084 suga
1015 1022 1138 1085 campo
1160 1003 1302 1065 subtra-

350 1100 484 1179 herent,
506 1121 576 1185 quo
598 1110 791 1167 commento
814 1102 987 1166 exercitus
1010 1100 1204 1182 Anglorum
1229 1100 1302 1163 dis-

350 1201 486 1265 solutus
511 1201 612 1284 quasi
631 1220 654 1264 s
673 1209 772 1282 tergo
795 1200 913 1264 hostes
938 1219 1091 1264 caesurus
1114 1200 1301 1281 fugientes,

349 1300 415 1363 sibi
428 1300 574 1363 exitium
588 1300 796 1380 maturavit3
814 1298 1008 1363 Normanni
1021 1299 1111 1362 enim
1122 1300 1301 1363 conversis

350 1399 547 1479 agminibus
572 1398 776 1463 adoriuntur
791 1398 939 1480 Anglos,
957 1418 1017 1463 eos
1036 1399 1242 1481 quantocius
1261 1398 1300 1460 in
1366 1420 1372 1431 ·

349 1497 468 1579 iugem
484 1506 659 1579 cogentes.
710 1497 819 1579 Angli
835 1498 984 1575 demum,
999 1497 1132 1562 tumulo
1147 1497 1300 1581 quodem

349 1605 531 1679 occupato,
543 1597 765 1662 Normennos
778 1597 892 1661 calore
910 1616 1094 1662 succensos
1111 1597 1239 1660 acriter
1252 1596 1298 1659 ad

348 1697 527 1779 superiora
541 1697 690 1761 nitentes
704 1696 740 1759 in
756 1696 882 1761 vallem
903 1695 1081 1781 dejiciunt,
1097 1704 1133 1759 et
1151 1695 1221 1759 levi
1238 1715 1300 1758 ne·

349 1796 446 1875 gotio
475 1794 513 1858 in
540 1794 657 1859 hostes
683 1794 753 1858 tels
780 1803 1018 1877 retorquentes
1043 1802 1078 1859 et
1103 1794 1236 1877 lapides
1260 1795 1298 1856 in

349 1913 408 1957 eos
432 1900 599 1971 rotantes,
625 1894 753 1958 multos
780 1913 824 1958 ex
851 1895 901 1959 eis
929 1901 1179 1977 prosternuut3
1212 1895 1297 1956 item

348 1990 468 2075 Angli,
492 1993 660 2058 fossatum
682 1993 855 2076 quendum
882 2001 1094 2076 praeruptum
1122 2000 1206 2057 noto
1230 1993 1297 2055 sibi

348 2094 497 2158 transitu
521 2099 744 2175 occupantes,
773 2100 826 2155 tot
849 2092 897 2155 ibi
923 2091 1145 2156 Normsnnos
1168 2092 1299 2155 contri·

346 2201 483 2269 verunt,
502 2198 541 2255 ut
562 2192 731 2255 cadavera
752 2191 864 2272 campi
883 2190 1060 2273 planitiem
1082 2189 1216 2254 tumulo
1237 2208 1297 2253 co·

347 2298 538 2372 aequarent.
589 2289 714 2354 Voluit
744 2289 819 2353 haec
841 2288 1056 2364 vicissitudo,
1088 2288 1190 2353 modo
1219 2288 1298 2351 istis

347 2388 449 2453 modo
471 2389 540 2453 illis
556 2389 785 2464 vincentibus,
803 2388 968 2471 quamdiu
985 2386 1135 2451 Heroldi
1152 2387 1296 2469 spiritus

347 2489 483 2569 corpori
500 2488 724 2572 jungebatur.
777 2487 936 2570 Denique
959 2507 1028 2551 non
1050 2493 1235 2550 contentus
1256 2494 1297 2549 ut

348 2585 434 2648 alios
464 2585 672 2663 hortaretur,
701 2586 784 2669 quin
815 2587 933 2650 militis
970 2584 1118 2649 officium
1154 2585 1296 2647 sedulus

347 2691 606 2765 exsequeretur,
626 2703 721 2766 saepe
742 2683 859 2748 hostes
882 2684 1038 2748 cominus
1055 2685 1230 2749 venientes
1246 2683 1298 2746 se-

347 2782 470 2858 niebat,
499 2789 539 2845 ut
567 2782 684 2846 nullus
711 2783 853 2865 impune
884 2781 1074 2858 accederet,
1100 2801 1201 2863 quem
1224 2802 1295 2845 non

347 2882 465 2944 stetim
487 2899 557 2944 uno
580 2881 664 2958 ictu,
687 2900 812 2963 equum
838 2888 874 2943 et
899 2881 1063 2963 equitem,
1080 2881 1124 2943 ab
1146 2881 1295 2943 invicem

347 2986 536 3062 separaret.
573 2979 604 3043 E
619 2988 742 3045 contra
756 2979 952 3043 Willelmus
967 2980 1117 3044 clamore
1134 2998 1215 3043 suos
1233 2999 1296 3042 ex·

347 3079 490 3144 hortans
506 3080 598 3144 inter
611 3079 740 3161 primos
751 3079 977 3154 discurrebat,
988 3086 1166 3143 consertos
1177 3078 1296 3142 hostes

346 3179 509 3242 invadere
528 3198 598 3242 non
618 3178 765 3255 sinebat,
788 3185 824 3241 et
842 3178 932 3254 ideo,
947 3178 1029 3240 dum
1049 3179 1176 3260 ubique
1193 3178 1296 3241 saevit

347 3284 382 3342 et
400 3278 551 3360 undique
565 3276 711 3354 frendet,
727 3285 797 3341 tres
810 3296 917 3359 equos
935 3276 1158 3340 electissimos
1175 3276 1295 3339 eodem

347 3377 403 3439 die
425 3377 489 3439 sub
512 3394 549 3440 se
573 3376 751 3440 confossos
774 3377 911 3454 amisit3
942 3383 989 3452 et,
1014 3376 1172 3458 quamvis
1196 3374 1297 3439 fami-

347 3475 425 3538 liari
441 3494 583 3539 susurro
600 3493 622 3537 a
636 3475 837 3539 custodibus
853 3475 907 3538 sui
929 3475 1083 3556 corporis
1100 3475 1297 3556 increpare·

347 3582 416 3651 tur,
431 3575 581 3657 perstitit
600 3581 716 3638 tamen
738 3574 948 3656 magnanimi
963 3573 1060 3637 ducis
1076 3574 1177 3654 vigor
1198 3572 1296 3636 inde-

347 3673 471 3750 fessus,
487 3673 595 3737 donec
611 3673 804 3750 Haroldus,
816 3674 887 3737 ictu
906 3673 1045 3754 sagittae
1059 3674 1200 3736 cerebro
1217 3691 1296 3753 per-

345 3772 471 3848 forato,
495 3773 668 3849 occubuit,
691 3779 727 3836 et
748 3772 898 3836 moriens
920 3772 1099 3835 victoriam
1121 3770 1296 3835 Norman-

346 3872 400 3934 nis
422 3872 612 3951 concessit;
631 3873 782 3956 jacentis
798 3891 935 3954 quoque
957 3871 1069 3934 femur
1090 3872 1182 3952 regis
1205 3889 1296 3933 unus

346 3971 493 4034 militum
512 3970 628 4052 gladio
651 3970 819 4052 praecidit,
841 3971 932 4034 unde
950 3991 971 4034 a
986 3969 1162 4034 Willelmo
1182 3969 1295 4050 turpi-

346 4071 467 4134 tudine
479 4078 631 4147 notstuS,
647 4069 737 4152 quod
755 4090 826 4133 rem
841 4069 1033 4152 pudendam
1052 4069 1201 4143 fecisset,
1219 4069 1294 4149 pul·

346 4189 406 4232 sus
421 4169 498 4234 fuit.
553 4170 654 4251 Fuga
673 4178 789 4234 autem
806 4168 999 4249 Anglorum
1019 4187 1128 4249 usque
1152 4166 1194 4228 ad
1214 4186 1296 4230 noc-
