3000 5004
464 420 604 469 rnouns
628 421 895 470 nrsronrxaun.
1090 408 1156 472 125

199 576 405 640 examinata
426 577 579 640 sanctior
596 585 701 659 atquo
717 579 793 642 Deo
809 578 946 659 dignior
961 588 1079 661 posset
1101 581 1154 643 in·

202 677 325 752 veniri,
348 695 418 739 non
446 664 645 757 abnegarit,
672 678 756 759 quin
785 697 862 740 eam
886 679 1075 760 susciperet
1097 699 1154 742 ra·

202 777 298 839 tione
324 775 514 858 praemissa.
567 776 643 840 Nec
670 796 777 854 mora,
808 777 957 840 mittitur
981 779 1098 858 puella
1119 788 1154 842 et

203 894 281 937 cunr
303 875 365 937 illa
382 874 564 952 PaulinuS,
579 895 622 938 ne
647 894 862 957 paganorum
885 876 1050 941 societate
1072 898 1154 960 pos·

203 982 257 1037 set
285 974 407 1054 pollui,
432 976 491 1056 qui
518 994 592 1037 eam
619 975 822 1055 quotidiana
855 976 1097 1040 exhortatione
1119 986 1155 1042 ct

203 1081 498 1138 sacramentorum
526 1074 715 1137 caelestium
737 1075 1153 1159 celebrationefirmaret.

205 1172 292 1236 Cum
320 1182 435 1236 autem
461 1173 543 1236 illuc
565 1173 791 1255 pervenisset,
818 1176 989 1237 concessit
1016 1194 1091 1252 rex,
1116 1185 1153 1239 ut

204 1271 305 1335 fidem
344 1273 544 1354 cultumque
583 1272 772 1354 roligionis
809 1272 1007 1336 Christiano
1046 1292 1152 1351 more,

204 1391 323 1434 omnes
345 1373 404 1452 qui
427 1391 505 1434 cum
526 1371 588 1434 illa
610 1380 792 1448 venerunt,
817 1372 979 1435 videlicet
999 1366 1081 1435 ¹viri
1112 1393 1152 1439 ac

205 1471 355 1534 foeminae
384 1471 458 1535 sive
489 1470 699 1547 sacerdotes
729 1472 962 1534 observarent.
1027 1471 1303 1584 Sicqueunfflor

207 1569 375 1633 Paulinus
403 1589 482 1633 cum
510 1570 657 1653 praefata
685 1571 819 1652 virgine
847 1571 890 1633 ad
920 1590 1035 1652 regem
1060 1571 1153 1634 Ead·
1256 1572 1262 1590 '

205 1669 332 1732 winum
350 1671 450 1752 quasi
470 1689 585 1733 comes
602 1671 735 1751 copulae
753 1671 902 1733 carnalis
926 1670 1078 1747 advenit,
1092 1672 1154 1735 scd

205 1769 279 1849 ipse
308 1770 423 1852 potius
451 1777 526 1833 toto
551 1770 665 1832 animo
695 1769 909 1845 intendebat,
935 1778 974 1832 ut
1002 1778 1153 1851 gentem,

205 1887 309 1950 quam
324 1868 454 1945 adibat,
471 1868 514 1931 ad
533 1869 745 1949 agnitionem
763 1868 921 1932 veritatis
937 1877 1089 1933 vocaret.

254 1965 358 2030 Anno
381 1969 504 2048 gratiae
529 1961 811 2031 noxxv1.²venit
833 1968 972 2049 quidam
995 1969 1152 2047 sicarius,
1163 1989 1220 2079 irini
1222 1992 1274 2080 pra.

203 2068 341 2130 nomine
369 2067 553 2144 Eumerus,
584 2067 709 2129 missus
733 2087 755 2129 a
780 2086 862 2147 rege
887 2068 1151 2132 occidentalium
1163 2091 1287 2141 »amaran

205 2165 383 2229 Saxonum
409 2165 625 2244 Quichelmo,
651 2167 710 2247 qui
742 2185 819 2229 cum
844 2174 943 2248 patre
969 2166 1151 2249 Kinegilso

206 2266 376 2347 regnavit,
392 2273 432 2328 ut
446 2284 562 2345 regem
580 2265 786 2328 Eadwinum
811 2266 1029 2330 interficeret.
1082 2266 1153 2345 Qui

205 2364 336 2428 domini
357 2365 411 2427 sui
427 2365 636 2446 legationem
659 2365 825 2428 simulans
851 2365 952 2428 irruit
977 2366 1013 2428 in
1036 2385 1153 2448 regem

205 2483 283 2527 cunr
304 2465 445 2546 bipenni
460 2464 627 2540 toxicata,
636 2464 744 2546 juxta
760 2484 894 2527 amnem
910 2458 1154 2529 ³Dorewenta-

205 2583 299 2641 num,
326 2564 447 2627 volens
472 2583 550 2626 eum
575 2564 699 2626 saltem
722 2583 855 2628 veneno
878 2564 1021 2645 perdere
1049 2566 1078 2628 si
1101 2565 1153 2628 bi-

205 2664 327 2745 pennis
364 2663 570 2741 desecisset;
613 2663 706 2746 quod
738 2664 859 2727 videns
892 2663 984 2727 Lilla
1014 2664 1153 2746 quidam

204 2763 362 2827 minister
377 2763 482 2844 regis,
497 2771 532 2825 et
548 2763 619 2825 ictu
633 2782 708 2826 sese
723 2763 947 2845 interponens
964 2765 1154 2828 transfixus

206 2870 272 2939 est,
295 2870 401 2945 atque
430 2861 551 2925 eodem
572 2863 643 2925 ictu
670 2882 732 2925 rex
756 2862 1008 2943 aliquantulum
1032 2864 1154 2927 vulne·

206 2969 330 3041 ratus3
372 2961 553 3025 interfecto
583 2961 687 3025 etiam
719 2981 801 3024 mox
842 2963 957 3042 equite
992 2961 1156 3042 quodam,

204 3062 278 3144 ipse
303 3061 443 3124 tandem
460 3061 584 3142 gladiis
610 3079 721 3123 caesus
743 3067 779 3123 et
801 3060 959 3123 minutim
983 3061 1018 3122 in
1043 3061 1155 3124 frusta

204 3161 363 3224 concisus
380 3168 442 3224 est.
496 3159 576 3223 Rex
595 3167 710 3223 autem
734 3159 796 3222 tali
818 3168 945 3222 eventu
968 3160 1154 3242 plurimum

205 3261 426 3342 perturbatus
442 3266 507 3335 est,
522 3259 580 3322 sed
599 3259 682 3336 filia,
698 3277 802 3340 quam
823 3258 943 3339 regina
956 3258 1032 3341 ejus
1051 3267 1153 3322 nocte
1165 3280 1259 3320 aanor

206 3361 363 3442 sequenti
392 3358 538 3441 peperit,
557 3357 709 3421 dolorem
731 3357 985 3438 aliquantulum
1013 3331 1261 3440 mitiga-³⁸⁰⁰*

206 3459 269 3524 vit.
315 3458 473 3540 Cumque
497 3477 559 3521 rex
585 3458 651 3520 diis
679 3458 750 3519 suis
774 3457 906 3537 gratias
932 3456 1072 3538 egisset,
1098 3458 1157 3521 in·-

205 3558 361 3641 crepavit
398 3576 475 3621 eum
508 3557 677 3621 Paulinus
710 3555 840 3632 dicens,
869 3556 960 3638 quod
994 3557 1153 3639 precibus

205 3659 278 3721 suis
301 3658 374 3720 sine
388 3656 506 3720 dolore
529 3657 650 3737 regina
670 3656 872 3738 peperisset.
926 3653 1061 3732 Quibus
1077 3677 1154 3721 ver·

205 3757 258 3820 bis
284 3756 477 3821 delectatus
499 3774 574 3831 rex,
589 3756 747 3837 promisit
766 3775 804 3818 se
827 3756 904 3819 Deo
921 3754 1059 3818 Paulini
1081 3775 1155 3821 cre-

239 3930 246 3960 ¹
265 3930 670 3992 Virt.]1nMs.⁴viriracroemi-
729 3927 739 3957 ³
759 3930 991 3994 Dor-ementem]
1017 3931 1092 3992 Upon
1113 3932 1156 3981 tlre

202 4003 243 4051 nis
254 4001 512 4051 sirasacerdotibus!
693 4000 823 4061 supposed
845 4005 903 4062 spot
922 4001 1007 4049 where
1028 4000 1079 4049 this
1095 4001 1155 4049 took

239 4068 339 4120 'Venit
357 4072 456 4135 arwam
474 4070 600 4133 sicarius]
626 4069 667 4119 On
692 4069 775 4130 place,
796 4069 839 4119 the
861 4069 951 4119 reader
977 4085 1036 4130 may
1058 4070 1157 4118 consult

202 4140 245 4190 the
270 4141 328 4191 lrth
350 4141 380 4191 os
393 4142 476 4204 April.
515 4141 563 4191 See
586 4140 667 4203 Beda,
693 4139 814 4201 Camden,
833 4140 860 4189 ii.
879 4155 905 4202 p.
927 4144 984 4202 102,
1001 4139 1052 4188 and
1076 4138 1158 4201 Beda,

202 4211 217 4274 ᾗ
232 4214 288 4261 11³.
691 4205 704 4272 §
717 4212 773 4272 118,
784 4213 847 4258 note.
