3000 5004
326 435 393 500 274
581 450 715 498 aocsar
740 450 786 497 ns
810 445 1017 496 wnrnovsr

330 604 420 684 Quae
434 605 610 682 schedula,
626 605 790 689 quoniam
806 604 965 687 Anglicis
986 612 1023 668 et
1039 603 1155 668 aureis
1171 603 1284 668 literis

330 704 444 768 fuerat
465 714 623 782 exarata,
645 725 666 768 a
687 705 856 770 Romanis
885 712 920 768 et
950 704 1028 768 aliis
1050 704 1110 786 qui
1135 703 1283 766 aderant

330 803 476 880 clericis,
493 824 585 887 papa
605 806 764 888 jubente,
778 805 908 868 frustra
929 804 998 885 legi
1021 809 1195 880 tentatur;
1220 803 1282 866 sed

330 903 515 967 salubriter
530 904 668 985 Anglus
681 905 751 968 illis
767 904 914 979 adstitit,
926 904 987 985 qui
1005 902 1142 967 Latinae
1152 901 1285 983 linguae

331 1002 532 1067 schedulam
560 1004 737 1081 evolvens,
762 1003 843 1066 fecit
871 1011 911 1066 ut
933 1001 1083 1090 Romani
1108 1001 1284 1084 pontificis

333 1103 482 1184 epistola
504 1104 642 1184 regibus
659 1103 784 1184 Anglis
808 1103 1072 1186 compatriotam
1096 1108 1286 1184 martyrem

332 1202 514 1265 indicaret.
567 1202 774 1265 Habebatur
796 1210 912 1266 autem
939 1202 1031 1266 inter
1054 1209 1182 1265 caetera
1204 1220 1287 1264 con-

334 1308 468 1366 tentum
486 1302 521 1363 in
538 1301 671 1377 charta,
693 1295 719 1334 ¹‘
734 1301 776 1364 In
794 1300 909 1364 clento
927 1320 993 1364 cou
1012 1300 1117 1364 bathe
1136 1299 1285 1363 Kenelm

334 1397 533 1485 kynebearn
559 1400 623 1464 lith
645 1400 753 1463 under
770 1399 893 1464 thorne
914 1398 1075 1463 haeuedes
1090 1399 1287 1475 bereaued,'

334 1499 428 1581 quod
447 1499 572 1563 Latine
587 1506 702 1577 sonat,
726 1499 794 1562 ‘In
811 1499 904 1562 clent
921 1495 1090 1576 cubethe,'
1105 1496 1139 1560 id
1158 1505 1224 1574 est,
1241 1496 1285 1562 In

334 1607 479 1680 pastura
509 1618 703 1676 vaccarum,
737 1597 927 1661 Kenelmus
955 1598 1047 1679 regis
1074 1597 1166 1660 filius
1188 1596 1287 1682 jacet

334 1699 399 1761 sub
415 1698 526 1779 spina,
538 1700 651 1780 capite
667 1699 836 1780 privatus.
877 1696 1006 1778 Igitur,
1023 1705 1063 1761 ut
1076 1697 1205 1760 dictum
1220 1704 1287 1774 est,

335 1815 478 1878 corpore
493 1797 585 1860 beati
596 1797 757 1879 martyris
774 1798 912 1879 regibus
930 1794 1070 1877 Angliae
1084 1795 1288 1860 mirabiliter

335 1894 524 1977 patefacto,
550 1894 721 1977 frequenti
741 1905 834 1960 coetu
860 1895 1061 1959 clericorum
1084 1904 1120 1960 et
1142 1914 1287 1976 magna·

336 2001 410 2058 tum
433 1994 564 2076 puerile
589 2015 715 2077 corpus
743 1994 786 2058 de
812 1995 979 2077 spelunca
1010 1994 1164 2059 levatum
1194 1995 1287 2077 apud

334 2092 653 2158 winchelcumbam
677 2094 893 2174 vehebatur3
922 2093 1093 2176 parricida
1116 2113 1199 2158 vero
1222 2093 1296 2158 foe:

336 2194 442 2270 mina,
460 2195 660 2258 clericorum
675 2202 780 2257 cantu
796 2212 838 2257 ac
856 2194 1022 2258 laicorum
1038 2192 1147 2257 alacri
1160 2193 1287 2276 plausu

337 2300 479 2375 propter
505 2294 593 2357 tanti
621 2293 783 2378 martyris
809 2294 1043 2357 inventionem
1061 2298 1246 2370 commota,
1269 2314 1289 2356 e

338 2391 490 2456 fenestra
514 2392 696 2467 coenaculi,
719 2393 754 2455 in
779 2412 849 2474 quo
872 2394 1000 2469 stabat,
1018 2400 1125 2474 caput
1147 2393 1289 2470 extulit,

339 2499 375 2555 et
390 2491 478 2555 forte
495 2492 666 2574 psalmum
692 2497 702 2525 ‘
722 2492 819 2556 Deus
836 2490 974 2555 laudern
996 2511 1108 2555 meam
1124 2512 1167 2556 ne
1189 2498 1289 2556 tacu-

339 2590 429 2654 eris’
446 2591 666 2668 decantabat,
684 2610 785 2672 quem
803 2611 824 2653 a
844 2590 912 2653 fine
930 2591 1045 2654 nescio
1063 2610 1132 2673 quo
1154 2593 1291 2673 praesti-

212 2729 217 2738 ·
338 2690 398 2771 gio
417 2689 617 2770 retrograde
641 2690 757 2753 dicens
780 2690 955 2754 nitebatur
969 2689 1184 2754 cantantium
1200 2690 1290 2754 lueti-

340 2789 424 2852 tiam
454 2789 652 2869 infirmare;
685 2809 830 2871 cumque
863 2789 924 2852 illa
955 2809 976 2851 a
1011 2788 1077 2852 fine
1109 2777 1287 2871 usquead

341 2887 431 2950 hunc
459 2907 606 2964 versum,
631 2887 735 2952 ‘Hoc
762 2908 849 2970 opus
875 2908 993 2952 eorum
1019 2889 1078 2970 qui
1102 2887 1290 2952 detrahunt

340 2988 424 3051 mihi
454 2988 546 3069 apud
576 2985 787 3062 Dominum,'
820 2988 1046 3069 pervenisset,
1079 2988 1182 3051 ambo
1211 2988 1289 3070 ejus

341 3087 432 3150 oculi
455 3106 477 3150 a
496 3087 569 3151 suis
584 3085 723 3149 sedibus
740 3086 852 3150 evulsi
871 3086 1034 3150 continuo
1055 3106 1160 3169 super
1179 3088 1291 3169 ipsam

341 3205 443 3269 quam
468 3186 605 3266 legebat
632 3187 796 3268 paginam
822 3193 1036 3249 corruerunt.
1088 3183 1214 3249 Adhuc
1229 3205 1292 3249 au-

341 3291 410 3348 tem
427 3285 628 3365 psalterium
644 3285 743 3361 illud,
760 3293 906 3366 argento
923 3283 1149 3349 fabrefactum
1165 3294 1202 3349 et
1216 3285 1292 3368 lap·

341 3402 458 3447 sorum
473 3384 642 3448 luminum
657 3405 778 3448 cruore
796 3384 1020 3462 tabefactum,
1036 3384 1139 3468 hujus
1155 3404 1293 3468 correp

341 3483 446 3547 tionis
460 3486 592 3565 praebet
607 3484 783 3548 indicium.
837 3485 892 3547 De
907 3484 1011 3567 hujus
1027 3503 1163 3565 quoque
1181 3484 1294 3549 sancti

341 3583 508 3665 martyrio
523 3583 664 3664 quidam
679 3584 728 3646 sic
746 3583 808 3658 ait,

463 3695 498 3752 In
512 3695 595 3766 olent,
610 3698 662 3754 sub
677 3697 767 3772 spina,
778 3698 856 3772 jacet
868 3696 898 3753 in
912 3695 1041 3754 convalle
1053 3694 1166 3765 bovina,

462 3790 578 3848 Vertice
593 3793 728 3867 privatus,
743 3791 901 3850 Kenelmus
915 3813 984 3869 rege
1002 3794 1076 3869 [sic]
1090 3803 1212 3853 creatus.

343 3897 517 3964 Successit
535 3909 651 3964 autern
674 3911 796 3967 sancto
816 3904 987 3969 Kenelmo
1004 3898 1212 3969 'Ceolwlsus
1232 3924 1294 3989 pa·

377 4048 430 4100 ¹la
451 4054 528 4101 clereto
550 4069 593 4103 coa
616 4055 714 4119 balba]
750 4056 803 4104 The
830 4057 902 4104 thorn
925 4057 974 4105 hed
994 4051 1131 4119 byreued3'
1154 4057 1204 4107 col.
1223 4062 1281 4108 m.

289 4123 294 4132 ”
342 4118 472 4185 following
489 4126 668 4174 translationis
685 4128 759 4187 given
772 4127 804 4187 by
867 4124 1039 4191 werzeburc]
1058 4128 1100 4176 He
1112 4140 1166 4176 was
1183 4128 1294 4190 deposed

343 4191 478 4241 Bromton:
496 4194 630 4242 ‘InClcnt
646 4196 672 4242 in
685 4196 805 4244 Cowdale
830 4197 864 4257 by
892 4197 1040 4258 Beomuulf,
1066 4196 1124 4245 who
1152 4197 1295 4247 succeedcd

344 4259 450 4309 Kenelnr
470 4262 555 4324 iringis
574 4263 645 4323 beru,
664 4264 710 4312 lith
730 4264 807 4313 undir
831 4265 899 4326 bim;
917 4267 1009 4326 belour,
1021 4281 1063 4314 an.
1075 4270 1132 4315 ⁸2³.
