3000 5004
460 437 599 486 rnonns
623 437 893 498 nrsroamnuu.
1087 425 1154 491 345

226 669 269 735 Ut
285 691 340 735 raa
352 670 508 756 Alsreduo
523 670 734 736 mortorcdiom
747 670 873 757 Aapttae
887 669 1138 756 adeptoesuarit.

251 792 357 867 Anno
373 795 515 860 Domini
532 812 786 860 ncccnxxxvl.
801 815 864 859 rex
880 795 1055 873 Alfredns,
1072 805 1153 879 post
1165 821 1219 861 nn.
1229 822 1274 862 aaa

201 893 362 960 incendia
395 896 531 959 urbium
560 902 596 959 et
621 902 758 976 strages
790 895 1011 959 multimodas
1040 872 1314 978 popu-iiiiii&

201 992 326 1070 lorum,
343 988 536 1059 ¹civitatem
552 994 821 1071 Londoniarum,
836 1013 914 1077 quae
932 1003 1039 1078 caput
1055 997 1153 1077 regni

191 1091 279 1169 -snit,
293 1093 472 1158 obsidione
489 1093 646 1170 vallavit,
662 1094 721 1157 ubi
738 1113 856 1157 omnes
871 1091 1067 1175 Anglorum
1089 1114 1152 1158 na·

202 1191 314 1255 tiones
336 1193 380 1256 ad
409 1193 521 1277 ipsum
548 1191 762 1257 confluentes
787 1192 1036 1275 subjectionem
1062 1192 1152 1257 fece·

202 1298 306 1370 runt3
341 1311 418 1355 nam
451 1292 548 1375 prius
579 1292 725 1374 dispersi
748 1291 886 1355 fueraut
910 1311 972 1375 per
993 1292 1072 1355 loca
1096 1293 1153 1356 de·

203 1397 298 1453 serta
321 1398 357 1454 et
379 1410 562 1455 nemorosa
582 1403 725 1473 propter
749 1391 947 1473 frequentes
972 1391 1152 1455 Danorum

203 1488 425 1572 irruptiones,
442 1497 478 1554 et
499 1491 574 1553 sine
593 1490 687 1553 omni
707 1489 886 1553 defensore
899 1490 1070 1555 volubiles
1093 1510 1151 1553 us·

203 1606 408 1672 qneqnaque
440 1597 476 1654 et
504 1589 684 1654 instabiles
715 1590 945 1671 vagabantur.
1007 1589 1153 1654 Foedere

203 1686 323 1770 itaque
354 1687 524 1770 homagiis
554 1688 756 1752 confirmato
784 1697 820 1752 et
837 1689 1058 1772 juramentiS,
1090 1708 1152 1753 rex

204 1806 323 1850 eorum
347 1787 455 1851 fultus
482 1787 614 1852 auxilio
641 1788 791 1851 insultus
820 1789 1006 1852 acerrimos
1029 1795 1154 1853 contra

205 1886 381 1950 civitatem
411 1886 596 1963 ordinavit,
620 1887 812 1969 erectisque
835 1887 1004 1951 machinis
1027 1888 1063 1951 in
1090 1909 1153 1971 gy-

205 2004 295 2063 rum,
310 1986 439 2050 moenia
456 1985 644 2049 dissolvere
658 1986 852 2065 laboravit3
876 1988 969 2050 cives
983 2006 1065 2050 vero
1081 2006 1153 2050 me-

204 2090 341 2149 tuentes
361 2085 568 2149 contendere
590 2091 712 2148 contra
734 2104 862 2166 regem,
887 2085 1017 2167 apertis
1039 2085 1152 2150 valvis

205 2183 370 2260 civitatis,
397 2185 510 2266 ipsum
542 2184 730 2248 honorifice
761 2191 999 2267 susceperunt.
1052 2184 1152 2248 Tunc

204 2301 280 2360 rex,
294 2283 436 2348 civitate
451 2291 647 2349 restaurata
662 2283 867 2365 moeniisque
881 2283 1063 2365 reparatis,
1080 2290 1152 2347 tra-
1248 2286 1252 2293 '

205 2381 293 2446 didit
316 2400 393 2445 eam
418 2384 483 2445 sub
508 2375 890 2460 custodia²Athelredi,
906 2382 1042 2447 comitis
1058 2381 1153 2446 Mer-

205 2481 349 2559 ciorum,
363 2480 423 2563 qni
440 2481 531 2563 regis
548 2480 654 2544 filiam
667 2482 805 2546 nomine
821 2475 1013 2545 ³Elfledam
1033 2481 1155 2546 habuit

205 2599 362 2657 uxorem,
388 2586 424 2644 et
450 2588 526 2645 erat
549 2580 592 2644 de
620 2581 716 2661 ragio
746 2580 876 2644 semine
904 2580 998 2645 illius
1027 2581 1153 2663 gentis.

205 2678 287 2743 Rex
303 2680 421 2762 itaque
433 2678 599 2744 Alsredus
616 2681 709 2743 omni
722 2679 883 2763 deinceps
900 2688 1055 2764 tempore
1072 2681 1154 2744 vitae

205 2796 279 2843 suae
302 2778 535 2842 monarchiam
567 2779 675 2843 totius
711 2780 811 2861 regni
835 2779 975 2860 Angliae
1009 2780 1155 2863 adeptus

207 2883 262 2941 est
281 2885 409 2960 praetor
437 2878 516 2942 illas
541 2877 691 2960 regionis
712 2886 842 2960 partes,
868 2898 955 2960 quas
981 2879 1046 2940 sibi
1075 2879 1157 2941 sub-

201 2975 392 3060 jugaverat
417 2978 598 3041 barborica
623 2996 709 3058 gens
737 2977 936 3056 Danorum;
962 2995 1155 3058 occupave-

207 3083 288 3140 rant
313 3077 405 3139 enim
434 3075 789 3140 Northanhumbriam
822 3083 931 3140 totam
964 3095 1042 3139 cum
1075 3075 1155 3138 Est·

205 3175 325 3256 anglia
355 3183 392 3239 et
418 3175 497 3239 aliis
527 3175 727 3258 regionibus
759 3175 928 3257 plurimis,
953 3194 999 3238 ex
1028 3173 1154 3257 quibus

205 3273 351 3339 Alfi-edo
367 3276 442 3356 regi
466 3275 691 3356 gravissimas
715 3275 923 3356 irruptiones
941 3280 977 3338 ot
997 3273 1155 3337 assiduas

205 3373 410 3438 intulerunt.

328 3529 559 3616 Recepitulotio
574 3551 736 3618 reynerum
750 3539 778 3594 et
789 3550 894 3615 repam
909 3527 1041 3614 Anyttae.

258 3652 363 3718 Nunc
381 3673 464 3735 ergo
481 3675 588 3737 quum
614 3655 659 3718 ad
684 3675 799 3737 regem
820 3653 1041 3718 monarcham
1065 3659 1312 3763 trac-‘offlam

207 3752 314 3816 tando
335 3755 567 3836 pervenimus
590 3755 676 3818 libet
697 3755 848 3818 omnium
866 3773 986 3835 regum
1005 3723 1307 3834 Angliae,e„21dif⁰‘

243 3943 250 3973 ¹
276 3944 409 3995 Civitatem
452 3939 669 4013 Mamurram]
698 3945 877 4007 ‘Aetireredi,'
905 3946 985 3994 Aeser
1015 3945 1065 3993 and
1095 3943 1156 3993 Sar.

204 4015 284 4065 nm
295 4015 346 4064 and
356 4015 399 4065 the
416 4015 477 4065 Su.
489 4015 582 4065 Chron.
594 4030 669 4078 agree
695 4015 789 4065 Chron.
815 4016 863 4065 See
875 4015 1005 4077 hugone,
1017 4015 1159 4075 Baronaga

206 4086 232 4134 in
250 4085 353 4147 placing
363 4084 405 4134 the
417 4085 507 4147 taking
522 4086 552 4134 oi
565 4086 669 4134 London
693 4085 711 4134 i.
723 4101 750 4146 p.
762 4090 787 4134 7.

204 4155 293 4204 inthis
304 4170 373 4216 year.

240 4221 416 4284 'Athetredi.]
444 4219 609 4285 ‘ethelredi‘
627 4223 667 4283 11}
729 4221 739 4250 ³
753 4222 893 4286 Emodon]
911 4221 1047 4282 Aldedam,
1057 4220 1089 4268 L.
