3000 5004
349 460 414 525 102
596 471 730 521 nocuas
756 473 803 519 nn
827 471 1037 521 wannovns

273 694 278 701 .
350 633 438 697 lucis
455 651 569 715 praeco
595 630 805 713 praedicatur
828 630 873 692 ab
895 629 1055 692 omnibus
1071 624 1305 709 Augustinus.

351 733 451 797 Tunc
475 730 638 795 Britoues
664 729 873 794 confitentur
894 727 1110 793 intellexisse
1130 747 1168 791 se
1187 745 1305 811 veram

352 851 429 896 esse
444 831 549 907 viam,
565 848 668 912 quam
687 828 891 911 praedicavit
904 825 1138 910 Augustinus,
1153 827 1214 890 sed
1230 845 1307 890 sese

353 951 423 995 non
438 949 553 1013 posse,
568 930 698 1012 absque
715 947 856 992 suorum
873 946 1056 1004 consensu,
1070 927 1193 1010 priscis
1207 925 1305 990 abdi·

352 1049 432 1096 care
446 1029 610 1106 moribus,
624 1027 716 1092 unde
731 1036 771 1092 ut
785 1027 937 1091 secundo
948 1027 1047 1092 fieret
1060 1026 1214 1110 synodus
1231 1025 1308 1108 plu-

353 1130 448 1194 ribus
463 1127 725 1193 advenientibus
741 1127 978 1210 postulabant.

192 1244 357 1337 metopae
405 1227 509 1306 Quod
536 1248 613 1292 cum
637 1235 729 1292 esset
752 1234 936 1304 statutum,
959 1233 1142 1303 venerunt,
1167 1233 1208 1290 ut
1227 1244 1306 1308 per·

189 1299 341 1348 ‘'mmm“
355 1329 487 1405 hibent,
503 1320 652 1411 ¹septem
668 1327 851 1392 Britonum
874 1327 1027 1410 episcopi
1052 1333 1088 1390 et
1107 1324 1224 1408 plures
1240 1325 1307 1390 viri

355 1429 558 1505 doctissimi,
589 1428 740 1491 maxime
768 1427 811 1491 de
843 1425 1057 1490 nobilissimo
1085 1444 1204 1489 eorum
1234 1444 1308 1489 mo-

356 1528 520 1604 nasterio,
557 1526 649 1609 quod
684 1526 805 1607 lingua
844 1525 1040 1607 Anglorum
1072 1525 1307 1605 ‘Raugonia-

355 1627 462 1708 burg'
487 1626 625 1705 dicitur,
647 1626 702 1689 cui
727 1633 881 1708 tempore
895 1624 957 1690 illo
977 1626 1086 1689 abbas
1111 1617 1306 1689 ²Dionotus
1394 1617 1398 1622 ’

356 1723 535 1808 praefuisse
573 1732 746 1790 narratur.
806 1723 890 1802 Qui,
923 1725 1007 1789 ituri
1040 1724 1086 1788 ad
1123 1723 1306 1788 concilium

356 1823 553 1908 praefatum,
580 1833 750 1890 venerunt
777 1825 888 1907 primo
920 1825 964 1887 ad
995 1823 1167 1907 quendam
1192 1824 1306 1887 virum

356 1931 515 1989 sanctum
547 1943 588 1987 ac
618 1925 835 2006 prudentem,
864 1923 924 2006 qui
949 1923 1041 2006 apud
1068 1942 1128 1988 eos
1157 1921 1308 1987 anacho-

356 2030 513 2088 retanam
535 2024 683 2087 ducebat
699 2024 821 2101 vitam,
844 2023 1064 2088 consulentes
1081 2043 1126 2086 an
1149 2022 1194 2085 ad
1218 2042 1307 2106 prae-

356 2122 565 2188 dicationem
591 2122 782 2206 Augustini
809 2141 892 2186 suas
921 2122 1078 2187 deseram
1105 2122 1308 2186 traditiones

358 2222 534 2299 deberent,
570 2223 629 2304 qui
675 2223 865 2306 respondit,
903 2223 968 2286 ‘Si
1003 2224 1106 2286 homo
1141 2220 1209 2286 Dei
1241 2229 1308 2299 est,

358 2320 540 2403 sequimini
566 2321 687 2385 illum!
740 2323 928 2399 Dixerunt,
955 2321 1024 2386 ‘Et
1045 2321 1215 2405 quomodo
1240 2321 1306 2386 boc

358 2440 542 2503 possumus
576 2422 767 2503 probarel'
833 2420 885 2487 At
917 2422 988 2500 ille,
1024 2422 1220 2487 ‘Dominus
1252 2421 1306 2486 iu·

358 2521 447 2600 quit,
471 2520 534 2594 ait,
557 2520 716 2585 ‘Discite
739 2539 762 2582 a
779 2539 846 2597 me,
864 2522 946 2603 quia
968 2521 1062 2585 mitis
1081 2540 1159 2583 sum
1183 2527 1219 2585 ct
1241 2520 1305 2584 hu·

358 2619 450 2681 milis
478 2617 604 2695 corde,’
638 2619 668 2681 si
697 2638 780 2699 ergo
803 2618 1024 2702 Augustinus
1049 2620 1109 2684 ille
1137 2620 1231 2683 mitis
1252 2627 1307 2685 est

358 2725 394 2780 et
417 2716 556 2779 humilis
587 2717 701 2794 corde,
723 2717 885 2784 credibile
910 2728 964 2785 est
989 2721 1071 2803 quia
1093 2726 1129 2784 et
1155 2720 1229 2802 ipse
1246 2719 1306 2803 ju-

359 2835 442 2896 gum
458 2815 588 2879 Christi
614 2824 731 2898 portat
755 2827 791 2882 et
815 2820 914 2884 vobis
932 2819 1140 2903 portandum
1162 2818 1307 2899 offerat3

360 2916 390 2978 si
420 2936 503 2997 ergo
525 2916 668 2979 immitis
702 2926 755 2981 est
782 2938 823 2982 ac
855 2922 1036 3003 superbus,
1062 2926 1200 2983 constat
1225 2919 1308 3002 quia

360 3035 428 3078 non
452 3023 506 3079 est
530 3035 552 3079 a
579 3016 669 3092 Deo,
687 3037 797 3101 neque
819 3019 918 3082 vobis
942 3028 996 3084 est
1019 3019 1095 3102 ejus
1116 3037 1228 3084 sermo
1250 3038 1311 3082 cu-

360 3115 510 3178 randus.'
562 3115 634 3194 Qui
648 3136 767 3180 rursus
782 3119 933 3195 aiebant,
947 3126 957 3153 ’
971 3118 1018 3183 Et
1036 3117 1126 3183 unde
1141 3117 1206 3182 hoc
1231 3117 1307 3199 dig-

361 3234 502 3278 noscere
513 3216 671 3280 valemus
683 3216 709 3280 l'
736 3216 1307 3301 ‘Procurate,’inquit,‘quodipse

360 3315 455 3395 prior
471 3334 548 3378 cum
571 3317 643 3380 suis
672 3315 714 3379 ad
739 3317 852 3380 locum
877 3318 1001 3401 synodi
1024 3317 1198 3395 adveniat,
1220 3326 1255 3382 et
1277 3318 1307 3380 si

361 3411 447 3493 ipse,
463 3416 561 3478 vobis
584 3417 955 3500 appropinquantibus,
978 3416 1220 3495 assurrexerit,
1241 3418 1308 3481 sci·

361 3513 428 3575 atis
453 3515 615 3595 quoniam
644 3515 773 3580 Christi
800 3516 949 3581 famulus
979 3525 1045 3594 est,
1076 3525 1111 3582 et
1135 3519 1310 3600 obtempe-

361 3617 478 3673 ranter
503 3612 601 3676 illum
637 3615 776 3695 audite;
812 3618 865 3680 sin
893 3626 1010 3683 autem
1035 3636 1098 3681 vos
1127 3617 1310 3700 spreverit,

396 3828 404 3860 ¹
417 3831 514 3894 Septem
520 3834 675 3901 Britouam]
688 3837 768 3887 Grent
778 3854 825 3888 un·
885 3834 1047 3904 witnowa]
1075 3857 1105 3891 or
1121 3841 1233 3904 Dinoot3
1256 3843 1313 3892 said

360 3901 484 3962 certainty
501 3904 581 3954 existe
598 3920 627 3954 aa
644 3911 670 3955 to
687 3907 746 3956 who
757 3923 824 3958 were
849 3918 875 3960 to
891 3913 955 3961 bave
973 3914 1036 3961 been
1054 3927 1070 3960 a
1087 3911 1180 3961 retired
1196 3914 1311 3975 warrior,

360 3971 431 4020 these
452 3972 565 4034 bishops.
614 3976 664 4026 Mr.
686 3977 824 4028 Stevenson
849 3981 956 4031 founder
979 3981 1029 4029 und
1047 3982 1101 4030 first
1119 3983 1196 4031 abbot
1216 3982 1246 4031 ot'
1267 3983 1311 4032 tha

360 4042 484 4103 imagines
494 4043 562 4092 them
570 4049 595 4093 to
604 4045 668 4095 have
680 4048 742 4096 beeu
751 4048 822 4100 those
849 4053 930 4113 nbbey
942 4051 971 4100 oi
980 4052 1091 4114 Baugor.
1109 4049 1312 4116 Bed.§92,note.

360 4111 389 4160 ot
397 4113 434 4162 St.
443 4109 559 4175 David's,
569 4116 693 4179 Llandaff,
702 4119 823 4170 Llanbar·
848 4124 890 4171 An
903 4127 1010 4171 account
1021 4120 1050 4170 os
1058 4121 1098 4169 his
1109 4122 1240 4172 interview
1248 4123 1310 4171 with

360 4182 432 4243 darn,
450 4183 560 4246 Baugor,
577 4187 615 4236 St.
626 4188 725 4251 Asapb,
741 4191 823 4241 Glou·
848 4192 992 4253 Augustino
1001 4192 1023 4241 is
1031 4192 1132 4253 printed
1143 4193 1176 4252 by
1183 4193 1312 4255 spelman,

360 4258 450 4314 cester,
462 4255 512 4303 and
524 4255 658 4308 Somerset.
849 4262 945 4311 Concil.
957 4277 983 4323 p.
997 4265 1053 4311 111.
