<?xml version="1.0" encoding="UTF-8"?>
<!DOCTYPE html PUBLIC "-//W3C//DTD XHTML 1.0 Transitional//EN"
    "http://www.w3.org/TR/xhtml1/DTD/xhtml1-transitional.dtd">
<html xmlns="http://www.w3.org/1999/xhtml" xml:lang="en" lang="en">
 <head>
  <title>
</title>
<meta http-equiv="Content-Type" content="text/html;charset=utf-8" />
  <meta name='ocr-system' content='tesseract 3.04.00' />
  <meta name='ocr-capabilities' content='ocr_page ocr_carea ocr_par ocr_line ocrx_word'/>
</head>
<body>
  <div class='ocr_page' id='page_1' title='image "./rogeridewendove05rogegoog_0322.png"; bbox 0 0 3000 5004; ppageno 0'>
   <div class='ocr_carea' id='block_1_1' title="bbox 464 409 1154 473">
    <p class='ocr_par' dir='ltr' id='par_1_1' title="bbox 464 409 1154 473">
     <span class='ocr_line' id='line_1_1' title="bbox 464 409 1154 473; baseline 0.003 -2"><span class='ocrx_word' id='word_1_1' title='bbox 464 424 602 473; x_wconf 74' lang='lat' dir='ltr'><strong>rhodus</strong></span> <span class='ocrx_word' id='word_1_2' title='bbox 627 425 894 473; x_wconf 76' lang='lat' dir='ltr'><strong>u1srou1sauu.</strong></span> <span class='ocrx_word' id='word_1_3' title='bbox 1088 409 1154 473; x_wconf 72' lang='lat'><strong>277</strong></span> 
     </span>
    </p>
   </div>
   <div class='ocr_carea' id='block_1_2' title="bbox 198 579 1277 1757">
    <p class='ocr_par' dir='ltr' id='par_1_2' title="bbox 201 579 1156 1043">
     <span class='ocr_line' id='line_1_2' title="bbox 201 579 1156 662; baseline 0.002 -19"><span class='ocrx_word' id='word_1_4' title='bbox 201 581 285 645; x_wconf 88' lang='lat' dir='ltr'><strong>iium</strong></span> <span class='ocrx_word' id='word_1_5' title='bbox 304 579 478 644; x_wconf 85' lang='lat' dir='ltr'><strong>Saxonum</strong></span> <span class='ocrx_word' id='word_1_6' title='bbox 499 582 671 662; x_wconf 80' lang='lat' dir='ltr'><strong>Egbertus</strong></span> <span class='ocrx_word' id='word_1_7' title='bbox 693 584 809 646; x_wconf 93' lang='lat' dir='ltr'><strong>omnia</strong></span> <span class='ocrx_word' id='word_1_8' title='bbox 831 581 998 645; x_wconf 85' lang='lat' dir='ltr'><strong>australia</strong></span> <span class='ocrx_word' id='word_1_9' title='bbox 1015 581 1156 662; x_wconf 73' lang='lat' dir='ltr'><strong>Angiiae&#39;</strong></span> 
     </span>
     <span class='ocr_line' id='line_1_3' title="bbox 201 675 1155 763; baseline 0.001 -21"><span class='ocrx_word' id='word_1_10' title='bbox 201 700 310 761; x_wconf 82' lang='lat' dir='ltr'><strong>regna</strong></span> <span class='ocrx_word' id='word_1_11' title='bbox 324 682 543 757; x_wconf 82' lang='lat' dir='ltr'><strong>obtinuisset,</strong></span> <span class='ocrx_word' id='word_1_12' title='bbox 559 682 749 745; x_wconf 84' lang='lat' dir='ltr'><strong>exercitum</strong></span> <span class='ocrx_word' id='word_1_13' title='bbox 772 683 937 763; x_wconf 81' lang='lat' dir='ltr'>grandem</span> <span class='ocrx_word' id='word_1_14' title='bbox 954 675 1005 743; x_wconf 90' lang='lat' dir='ltr'><strong>¹iu</strong></span> <span class='ocrx_word' id='word_1_15' title='bbox 1024 681 1155 745; x_wconf 88' lang='lat' dir='ltr'><strong>North-</strong></span> 
     </span>
     <span class='ocr_line' id='line_1_4' title="bbox 201 780 1154 862; baseline 0.001 -19"><span class='ocrx_word' id='word_1_16' title='bbox 201 780 440 843; x_wconf 84' lang='lat' dir='ltr'><strong>anhumbriam</strong></span> <span class='ocrx_word' id='word_1_17' title='bbox 464 781 604 855; x_wconf 88' lang='lat' dir='ltr'><strong>ducens,</strong></span> <span class='ocrx_word' id='word_1_18' title='bbox 621 781 832 862; x_wconf 90' lang='lat' dir='ltr'><strong>provinciam</strong></span> <span class='ocrx_word' id='word_1_19' title='bbox 856 781 950 844; x_wconf 87' lang='lat' dir='ltr'><strong>illam</strong></span> <span class='ocrx_word' id='word_1_20' title='bbox 973 781 1073 861; x_wconf 80' lang='lat' dir='ltr'><strong>gravi</strong></span> <span class='ocrx_word' id='word_1_21' title='bbox 1095 781 1154 844; x_wconf 92' lang='lat' dir='ltr'><strong>de-</strong></span> 
     </span>
     <span class='ocr_line' id='line_1_5' title="bbox 202 879 1154 963; baseline 0.002 -21"><span class='ocrx_word' id='word_1_22' title='bbox 202 879 427 961; x_wconf 87' lang='lat' dir='ltr'><strong>populatione</strong></span> <span class='ocrx_word' id='word_1_23' title='bbox 444 881 620 956; x_wconf 86' lang='lat' dir='ltr'><strong>contrivit,</strong></span> <span class='ocrx_word' id='word_1_24' title='bbox 636 900 820 963; x_wconf 84' lang='lat' dir='ltr'><strong>regemque</strong></span> <span class='ocrx_word' id='word_1_25' title='bbox 840 880 1059 943; x_wconf 87' lang='lat' dir='ltr'><strong>Eaudredum</strong></span> <span class='ocrx_word' id='word_1_26' title='bbox 1081 888 1154 944; x_wconf 89' lang='lat' dir='ltr'><strong>sta·</strong></span> 
     </span>
     <span class='ocr_line' id='line_1_6' title="bbox 202 979 509 1043; baseline -0.003 0"><span class='ocrx_word' id='word_1_27' title='bbox 202 979 270 1043; x_wconf 88' lang='lat' dir='ltr'><strong>tuit</strong></span> <span class='ocrx_word' id='word_1_28' title='bbox 286 981 351 1042; x_wconf 91' lang='lat' dir='ltr'><strong>sub</strong></span> <span class='ocrx_word' id='word_1_29' title='bbox 368 980 509 1043; x_wconf 89' lang='lat' dir='ltr'><strong>tributo.</strong></span> 
     </span>
    </p>

    <p class='ocr_par' dir='ltr' id='par_1_3' title="bbox 198 1076 1277 1757">
     <span class='ocr_line' id='line_1_7' title="bbox 254 1076 1277 1160; baseline -0.005 -19"><span class='ocrx_word' id='word_1_30' title='bbox 254 1076 359 1142; x_wconf 79' lang='lat' dir='ltr'><strong>Anno</strong></span> <span class='ocrx_word' id='word_1_31' title='bbox 384 1079 526 1142; x_wconf 90' lang='lat' dir='ltr'><strong>Domini</strong></span> <span class='ocrx_word' id='word_1_32' title='bbox 547 1095 739 1143; x_wconf 81' lang='lat' dir='ltr'><strong>ccccxxx.</strong></span> <span class='ocrx_word' id='word_1_33' title='bbox 758 1098 821 1141; x_wconf 84' lang='lat' dir='ltr'><strong>rex</strong></span> <span class='ocrx_word' id='word_1_34' title='bbox 846 1078 1019 1160; x_wconf 86' lang='lat' dir='ltr'><strong>Egbertus</strong></span> <span class='ocrx_word' id='word_1_35' title='bbox 1036 1077 1154 1143; x_wconf 90' lang='lat' dir='ltr'><strong>West·</strong></span> <span class='ocrx_word' id='word_1_36' title='bbox 1168 1099 1277 1139; x_wconf 67' lang='lat' dir='ltr'><strong>nuum.</strong></span> 
     </span>
     <span class='ocr_line' id='line_1_8' title="bbox 204 1177 1155 1259; baseline 0 -19"><span class='ocrx_word' id='word_1_37' title='bbox 204 1195 376 1242; x_wconf 85' lang='lat' dir='ltr'><strong>saxonum</strong></span> <span class='ocrx_word' id='word_1_38' title='bbox 413 1177 688 1259; x_wconf 87' lang='lat' dir='ltr'><strong>potentissimus,</strong></span> <span class='ocrx_word' id='word_1_39' title='bbox 724 1178 915 1241; x_wconf 88' lang='lat' dir='ltr'><strong>exercitum</strong></span> <span class='ocrx_word' id='word_1_40' title='bbox 946 1178 1076 1240; x_wconf 90' lang='lat' dir='ltr'><strong>ducens</strong></span> <span class='ocrx_word' id='word_1_41' title='bbox 1119 1179 1155 1241; x_wconf 92' lang='lat' dir='ltr'><strong>iu</strong></span> 
     </span>
     <span class='ocr_line' id='line_1_9' title="bbox 204 1276 1155 1359; baseline 0 -19"><span class='ocrx_word' id='word_1_42' title='bbox 204 1276 372 1340; x_wconf 90' lang='lat' dir='ltr'><strong>Walliam</strong></span> <span class='ocrx_word' id='word_1_43' title='bbox 394 1278 585 1359; x_wconf 90' lang='lat' dir='ltr'><strong>copiosum,</strong></span> <span class='ocrx_word' id='word_1_44' title='bbox 600 1276 797 1341; x_wconf 88' lang='lat' dir='ltr'><strong>Wallenses</strong></span> <span class='ocrx_word' id='word_1_45' title='bbox 820 1297 938 1340; x_wconf 88' lang='lat' dir='ltr'><strong>omnes</strong></span> <span class='ocrx_word' id='word_1_46' title='bbox 964 1296 1042 1340; x_wconf 93' lang='lat' dir='ltr'><strong>cum</strong></span> <span class='ocrx_word' id='word_1_47' title='bbox 1066 1278 1155 1359; x_wconf 80' lang='lat' dir='ltr'><strong>regi-</strong></span> 
     </span>
     <span class='ocr_line' id='line_1_10' title="bbox 202 1376 1156 1459; baseline 0 -19"><span class='ocrx_word' id='word_1_48' title='bbox 202 1377 268 1440; x_wconf 88' lang='lat' dir='ltr'><strong>bus</strong></span> <span class='ocrx_word' id='word_1_49' title='bbox 302 1377 373 1440; x_wconf 90' lang='lat' dir='ltr'><strong>suis</strong></span> <span class='ocrx_word' id='word_1_50' title='bbox 404 1396 477 1440; x_wconf 83' lang='lat' dir='ltr'><strong>suae</strong></span> <span class='ocrx_word' id='word_1_51' title='bbox 505 1376 628 1440; x_wconf 91' lang='lat' dir='ltr'><strong>ditioni</strong></span> <span class='ocrx_word' id='word_1_52' title='bbox 656 1386 849 1459; x_wconf 89' lang='lat' dir='ltr'><strong>spontanea</strong></span> <span class='ocrx_word' id='word_1_53' title='bbox 870 1376 1051 1440; x_wconf 85' lang='lat' dir='ltr'><strong>voluntate</strong></span> <span class='ocrx_word' id='word_1_54' title='bbox 1074 1377 1156 1440; x_wconf 93' lang='lat' dir='ltr'><strong>sub·</strong></span> 
     </span>
     <span class='ocr_line' id='line_1_11' title="bbox 198 1475 1157 1560; baseline -0.001 -21"><span class='ocrx_word' id='word_1_55' title='bbox 198 1475 298 1560; x_wconf 88' lang='lat' dir='ltr'><strong>jecit.</strong></span> <span class='ocrx_word' id='word_1_56' title='bbox 351 1475 480 1539; x_wconf 87' lang='lat' dir='ltr'><strong>Eodem</strong></span> <span class='ocrx_word' id='word_1_57' title='bbox 494 1496 585 1539; x_wconf 90' lang='lat' dir='ltr'><strong>anno</strong></span> <span class='ocrx_word' id='word_1_58' title='bbox 600 1475 889 1540; x_wconf 79' lang='lat' dir='ltr'><strong>west-saxonum</strong></span> <span class='ocrx_word' id='word_1_59' title='bbox 906 1496 968 1540; x_wconf 85' lang='lat' dir='ltr'><strong>rex</strong></span> <span class='ocrx_word' id='word_1_60' title='bbox 984 1475 1157 1557; x_wconf 80' lang='lat' dir='ltr'><strong>Egbertus</strong></span> 
     </span>
     <span class='ocr_line' id='line_1_12' title="bbox 203 1574 1156 1657; baseline -0.001 -19"><span class='ocrx_word' id='word_1_61' title='bbox 203 1575 438 1639; x_wconf 87' lang='lat' dir='ltr'><strong>misericordia</strong></span> <span class='ocrx_word' id='word_1_62' title='bbox 454 1583 581 1653; x_wconf 90' lang='lat' dir='ltr'><strong>motus,</strong></span> <span class='ocrx_word' id='word_1_63' title='bbox 591 1575 736 1652; x_wconf 87' lang='lat' dir='ltr'><strong>Wilafo‚</strong></span> <span class='ocrx_word' id='word_1_64' title='bbox 749 1575 823 1657; x_wconf 84' lang='lat' dir='ltr'><strong>regi</strong></span> <span class='ocrx_word' id='word_1_65' title='bbox 842 1574 1064 1652; x_wconf 89' lang='lat' dir='ltr'><strong>Morciorum,</strong></span> <span class='ocrx_word' id='word_1_66' title='bbox 1075 1594 1156 1637; x_wconf 92' lang='lat' dir='ltr'><strong>cou-</strong></span> 
     </span>
     <span class='ocr_line' id='line_1_13' title="bbox 204 1675 1156 1757; baseline -0.001 -19"><span class='ocrx_word' id='word_1_67' title='bbox 204 1675 320 1750; x_wconf 83' lang='lat' dir='ltr'><strong>cessit,</strong></span> <span class='ocrx_word' id='word_1_68' title='bbox 336 1687 376 1738; x_wconf 88' lang='lat' dir='ltr'><strong>ut</strong></span> <span class='ocrx_word' id='word_1_69' title='bbox 393 1694 538 1757; x_wconf 79' lang='lat' dir='ltr'><strong>regnum</strong></span> <span class='ocrx_word' id='word_1_70' title='bbox 554 1693 654 1738; x_wconf 90' lang='lat' dir='ltr'><strong>suum</strong></span> <span class='ocrx_word' id='word_1_71' title='bbox 667 1676 710 1739; x_wconf 89' lang='lat' dir='ltr'><strong>dc</strong></span> <span class='ocrx_word' id='word_1_72' title='bbox 725 1693 767 1739; x_wconf 90' lang='lat' dir='ltr'><strong>eo</strong></span> <span class='ocrx_word' id='word_1_73' title='bbox 784 1681 917 1740; x_wconf 87' lang='lat' dir='ltr'><strong>teneret</strong></span> <span class='ocrx_word' id='word_1_74' title='bbox 933 1676 998 1739; x_wconf 92' lang='lat' dir='ltr'><strong>sub</strong></span> <span class='ocrx_word' id='word_1_75' title='bbox 1014 1675 1156 1738; x_wconf 86' lang='lat' dir='ltr'><strong>tributo.</strong></span> 
     </span>
    </p>
   </div>
   <div class='ocr_carea' id='block_1_3' title="bbox 476 1849 885 1934">
    <p class='ocr_par' dir='ltr' id='par_1_4' title="bbox 476 1849 885 1934">
     <span class='ocr_line' id='line_1_14' title="bbox 476 1849 885 1934; baseline -0.002 -21"><span class='ocrx_word' id='word_1_76' title='bbox 476 1849 642 1934; x_wconf 76' lang='lat' dir='ltr'><strong>Grcporius</strong></span> <span class='ocrx_word' id='word_1_77' title='bbox 650 1870 741 1934; x_wconf 83' lang='lat' dir='ltr'><strong>popo</strong></span> <span class='ocrx_word' id='word_1_78' title='bbox 755 1859 885 1914; x_wconf 66' lang='lat' dir='ltr'><strong>ocutus.</strong></span> 
     </span>
    </p>
   </div>
   <div class='ocr_carea' id='block_1_4' title="bbox 204 1967 1310 2336">
    <p class='ocr_par' dir='ltr' id='par_1_5' title="bbox 204 1967 1310 2336">
     <span class='ocr_line' id='line_1_15' title="bbox 256 1967 1278 2056; baseline -0.002 -18"><span class='ocrx_word' id='word_1_79' title='bbox 256 1971 361 2038; x_wconf 82' lang='lat' dir='ltr'><strong>Anno</strong></span> <span class='ocrx_word' id='word_1_80' title='bbox 385 1973 527 2037; x_wconf 91' lang='lat' dir='ltr'><strong>Domini</strong></span> <span class='ocrx_word' id='word_1_81' title='bbox 546 1991 753 2038; x_wconf 81' lang='lat' dir='ltr'><strong>ncccxxxi.</strong></span> <span class='ocrx_word' id='word_1_82' title='bbox 773 1967 983 2056; x_wconf 81' lang='lat' dir='ltr'><strong>²Gregorius</strong></span> <span class='ocrx_word' id='word_1_83' title='bbox 1007 1974 1098 2038; x_wconf 88' lang='lat' dir='ltr'><strong>sedit</strong></span> <span class='ocrx_word' id='word_1_84' title='bbox 1122 1975 1157 2036; x_wconf 93' lang='lat' dir='ltr'><strong>iu</strong></span> <span class='ocrx_word' id='word_1_85' title='bbox 1172 1997 1278 2037; x_wconf 65' lang='lat' dir='ltr'><strong>auor.</strong></span> 
     </span>
     <span class='ocr_line' id='line_1_16' title="bbox 205 2045 1310 2148; baseline 0.001 -12"><span class='ocrx_word' id='word_1_86' title='bbox 205 2072 371 2136; x_wconf 82' lang='lat' dir='ltr'><strong>cathedra</strong></span> <span class='ocrx_word' id='word_1_87' title='bbox 386 2071 546 2136; x_wconf 88' lang='lat' dir='ltr'><strong>Romana</strong></span> <span class='ocrx_word' id='word_1_88' title='bbox 573 2074 672 2136; x_wconf 90' lang='lat' dir='ltr'><strong>annis</strong></span> <span class='ocrx_word' id='word_1_89' title='bbox 699 2073 859 2136; x_wconf 88' lang='lat' dir='ltr'><strong>sedecim.</strong></span> <span class='ocrx_word' id='word_1_90' title='bbox 912 2071 1042 2137; x_wconf 87' lang='lat' dir='ltr'><strong>Eodem</strong></span> <span class='ocrx_word' id='word_1_91' title='bbox 1065 2092 1157 2137; x_wconf 89' lang='lat' dir='ltr'><strong>anno</strong></span> <span class='ocrx_word' id='word_1_92' title='bbox 1170 2045 1310 2148; x_wconf 46' lang='lat' dir='ltr'><strong>Qum</strong></span> 
     </span>
     <span class='ocr_line' id='line_1_17' title="bbox 205 2169 1156 2254; baseline 0.001 -19"><span class='ocrx_word' id='word_1_93' title='bbox 205 2169 352 2248; x_wconf 87' lang='lat' dir='ltr'><strong>Wisius,</strong></span> <span class='ocrx_word' id='word_1_94' title='bbox 376 2171 605 2236; x_wconf 88' lang='lat' dir='ltr'><strong>Eboraceusis</strong></span> <span class='ocrx_word' id='word_1_95' title='bbox 630 2172 921 2254; x_wconf 85' lang='lat' dir='ltr'><strong>archiepiscopus,</strong></span> <span class='ocrx_word' id='word_1_96' title='bbox 942 2179 1077 2236; x_wconf 87' lang='lat' dir='ltr'><strong>naturae</strong></span> <span class='ocrx_word' id='word_1_97' title='bbox 1097 2173 1156 2236; x_wconf 91' lang='lat' dir='ltr'><strong>de-</strong></span> 
     </span>
     <span class='ocr_line' id='line_1_18' title="bbox 204 2265 922 2336; baseline 0.001 -2"><span class='ocrx_word' id='word_1_98' title='bbox 204 2271 316 2334; x_wconf 90' lang='lat' dir='ltr'><strong>bitum</strong></span> <span class='ocrx_word' id='word_1_99' title='bbox 332 2270 438 2335; x_wconf 85' lang='lat' dir='ltr'><strong>solvit</strong></span> <span class='ocrx_word' id='word_1_100' title='bbox 455 2280 490 2336; x_wconf 87' lang='lat' dir='ltr'><strong>et</strong></span> <span class='ocrx_word' id='word_1_101' title='bbox 503 2265 730 2336; x_wconf 82' lang='lat' dir='ltr'><strong>³Wimundus</strong></span> <span class='ocrx_word' id='word_1_102' title='bbox 746 2272 922 2335; x_wconf 87' lang='lat' dir='ltr'><strong>successit.</strong></span> 
     </span>
    </p>
   </div>
   <div class='ocr_carea' id='block_1_5' title="bbox 258 2367 1282 2448">
    <p class='ocr_par' dir='ltr' id='par_1_6' title="bbox 258 2367 1282 2448">
     <span class='ocr_line' id='line_1_19' title="bbox 258 2367 1282 2448; baseline -0.007 -15"><span class='ocrx_word' id='word_1_103' title='bbox 258 2367 362 2434; x_wconf 84' lang='lat' dir='ltr'><strong>Auno</strong></span> <span class='ocrx_word' id='word_1_104' title='bbox 386 2370 527 2434; x_wconf 90' lang='lat' dir='ltr'><strong>Domini</strong></span> <span class='ocrx_word' id='word_1_105' title='bbox 554 2387 776 2435; x_wconf 85' lang='lat' dir='ltr'><strong>ncccxxxu.</strong></span> <span class='ocrx_word' id='word_1_106' title='bbox 799 2368 963 2434; x_wconf 85' lang='lat' dir='ltr'><strong>defuncto</strong></span> <span class='ocrx_word' id='word_1_107' title='bbox 980 2369 1157 2448; x_wconf 82' lang='lat' dir='ltr'><strong>Wilsrido,</strong></span> <span class='ocrx_word' id='word_1_108' title='bbox 1172 2385 1282 2427; x_wconf 67' lang='lat' dir='ltr'><strong>aona</strong></span> 
     </span>
    </p>
   </div>
   <div class='ocr_carea' id='block_1_6' title="bbox 207 2463 1158 2652">
    <p class='ocr_par' dir='ltr' id='par_1_7' title="bbox 207 2463 1158 2652">
     <span class='ocr_line' id='line_1_20' title="bbox 207 2463 1158 2553; baseline 0.001 -21"><span class='ocrx_word' id='word_1_109' title='bbox 207 2467 451 2534; x_wconf 81' lang='lat' dir='ltr'><strong>Cantuariensi</strong></span> <span class='ocrx_word' id='word_1_110' title='bbox 466 2470 738 2553; x_wconf 89' lang='lat' dir='ltr'><strong>archiepiscopo,</strong></span> <span class='ocrx_word' id='word_1_111' title='bbox 750 2463 935 2534; x_wconf 86' lang='lat' dir='ltr'><strong>⁴successit</strong></span> <span class='ocrx_word' id='word_1_112' title='bbox 946 2470 1158 2535; x_wconf 85' lang='lat' dir='ltr'><strong>Geolnothus</strong></span> 
     </span>
     <span class='ocr_line' id='line_1_21' title="bbox 208 2570 868 2652; baseline 0.005 -20"><span class='ocrx_word' id='word_1_113' title='bbox 208 2574 244 2632; x_wconf 89' lang='lat' dir='ltr'><strong>et</strong></span> <span class='ocrx_word' id='word_1_114' title='bbox 260 2588 352 2633; x_wconf 88' lang='lat' dir='ltr'><strong>anuo</strong></span> <span class='ocrx_word' id='word_1_115' title='bbox 368 2570 527 2651; x_wconf 87' lang='lat' dir='ltr'><strong>sequenti</strong></span> <span class='ocrx_word' id='word_1_116' title='bbox 543 2570 687 2652; x_wconf 87' lang='lat' dir='ltr'><strong>pallium</strong></span> <span class='ocrx_word' id='word_1_117' title='bbox 704 2571 868 2652; x_wconf 88' lang='lat' dir='ltr'><strong>suscepit.</strong></span> 
     </span>
    </p>
   </div>
   <div class='ocr_carea' id='block_1_7' title="bbox 343 2740 1036 2827">
    <p class='ocr_par' dir='ltr' id='par_1_8' title="bbox 343 2740 1036 2827">
     <span class='ocr_line' id='line_1_22' title="bbox 343 2740 1036 2827; baseline 0.006 -23"><span class='ocrx_word' id='word_1_118' title='bbox 343 2740 386 2805; x_wconf 80' lang='lat' dir='ltr'><strong>Ut</strong></span> <span class='ocrx_word' id='word_1_119' title='bbox 399 2741 492 2806; x_wconf 79' lang='lat' dir='ltr'><strong>Daoi</strong></span> <span class='ocrx_word' id='word_1_120' title='bbox 504 2741 642 2806; x_wconf 74' lang='lat' dir='ltr'><strong>ieschua</strong></span> <span class='ocrx_word' id='word_1_121' title='bbox 657 2742 759 2806; x_wconf 77' lang='lat' dir='ltr'><strong>coium</strong></span> <span class='ocrx_word' id='word_1_122' title='bbox 773 2743 1036 2827; x_wconf 73' lang='lat' dir='ltr'><strong>depredaverunt.</strong></span> 
     </span>
    </p>
   </div>
   <div class='ocr_carea' id='block_1_8' title="bbox 244 2860 1313 2972">
    <p class='ocr_par' dir='ltr' id='par_1_9' title="bbox 244 2860 1313 2972">
     <span class='ocr_line' id='line_1_23' title="bbox 244 2860 1313 2972; baseline -0.005 -43"><span class='ocrx_word' id='word_1_123' title='bbox 244 2862 350 2929; x_wconf 85' lang='lat' dir='ltr'><strong>Anno</strong></span> <span class='ocrx_word' id='word_1_124' title='bbox 360 2864 502 2928; x_wconf 91' lang='lat' dir='ltr'><strong>Domini</strong></span> <span class='ocrx_word' id='word_1_125' title='bbox 514 2882 751 2929; x_wconf 81' lang='lat' dir='ltr'><strong>ccccxxxru.</strong></span> <span class='ocrx_word' id='word_1_126' title='bbox 763 2860 953 2929; x_wconf 84' lang='lat' dir='ltr'><strong>⁶exercitus</strong></span> <span class='ocrx_word' id='word_1_127' title='bbox 966 2866 1159 2940; x_wconf 82' lang='lat' dir='ltr'><strong>Bonorum,</strong></span> <span class='ocrx_word' id='word_1_128' title='bbox 1172 2880 1227 2972; x_wconf 40' lang='grc' dir='ltr'><strong>ᾗῇ.</strong></span> <span class='ocrx_word' id='word_1_129' title='bbox 1238 2882 1313 2970; x_wconf 47' lang='lat' dir='ltr'><strong>ibim</strong></span> 
     </span>
    </p>
   </div>
   <div class='ocr_carea' id='block_1_9' title="bbox 208 2960 1297 3448">
    <p class='ocr_par' dir='ltr' id='par_1_10' title="bbox 208 2960 1297 3448">
     <span class='ocr_line' id='line_1_24' title="bbox 208 2960 1297 3047; baseline -0.006 -21"><span class='ocrx_word' id='word_1_130' title='bbox 208 2960 398 3027; x_wconf 79' lang='lat' dir='ltr'><strong>htfidelium</strong></span> <span class='ocrx_word' id='word_1_131' title='bbox 423 2964 627 3047; x_wconf 88' lang='lat' dir='ltr'><strong>piratarum,</strong></span> <span class='ocrx_word' id='word_1_132' title='bbox 650 2973 836 3047; x_wconf 85' lang='lat' dir='ltr'><strong>postquam</strong></span> <span class='ocrx_word' id='word_1_133' title='bbox 861 2963 954 3047; x_wconf 86' lang='lat' dir='ltr'><strong>apud</strong></span> <span class='ocrx_word' id='word_1_134' title='bbox 980 2964 1159 3028; x_wconf 88' lang='lat' dir='ltr'><strong>Dunemu-</strong></span> <span class='ocrx_word' id='word_1_135' title='bbox 1172 2982 1209 3022; x_wconf 71' lang='lat' dir='ltr'><strong>ua</strong></span> <span class='ocrx_word' id='word_1_136' title='bbox 1267 2991 1297 3020; x_wconf 61' lang='grc' dir='ltr'><strong>ω.</strong></span> 
     </span>
     <span class='ocr_line' id='line_1_25' title="bbox 210 3060 1160 3147; baseline 0 -22"><span class='ocrx_word' id='word_1_137' title='bbox 210 3060 305 3126; x_wconf 87' lang='lat' dir='ltr'><strong>tham</strong></span> <span class='ocrx_word' id='word_1_138' title='bbox 326 3063 411 3127; x_wconf 84' lang='lat' dir='ltr'><strong>victi</strong></span> <span class='ocrx_word' id='word_1_139' title='bbox 435 3071 471 3127; x_wconf 89' lang='lat' dir='ltr'><strong>et</strong></span> <span class='ocrx_word' id='word_1_140' title='bbox 500 3064 611 3145; x_wconf 79' lang='lat' dir='ltr'><strong>fugati</strong></span> <span class='ocrx_word' id='word_1_141' title='bbox 634 3063 784 3141; x_wconf 84' lang='lat' dir='ltr'><strong>fuerunt,</strong></span> <span class='ocrx_word' id='word_1_142' title='bbox 809 3064 1002 3147; x_wconf 89' lang='lat' dir='ltr'><strong>Scapeiam,</strong></span> <span class='ocrx_word' id='word_1_143' title='bbox 1030 3062 1065 3125; x_wconf 91' lang='lat' dir='ltr'><strong>id</strong></span> <span class='ocrx_word' id='word_1_144' title='bbox 1095 3070 1160 3140; x_wconf 86' lang='lat' dir='ltr'><strong>est,</strong></span> 
     </span>
     <span class='ocr_line' id='line_1_26' title="bbox 209 3161 1162 3246; baseline -0.001 -21"><span class='ocrx_word' id='word_1_145' title='bbox 209 3161 327 3227; x_wconf 85' lang='lat' dir='ltr'><strong>ovium</strong></span> <span class='ocrx_word' id='word_1_146' title='bbox 359 3162 520 3240; x_wconf 90' lang='lat' dir='ltr'><strong>insulam,</strong></span> <span class='ocrx_word' id='word_1_147' title='bbox 553 3162 744 3246; x_wconf 86' lang='lat' dir='ltr'><strong>depraedati</strong></span> <span class='ocrx_word' id='word_1_148' title='bbox 776 3171 884 3241; x_wconf 90' lang='lat' dir='ltr'><strong>sunt;</strong></span> <span class='ocrx_word' id='word_1_149' title='bbox 920 3162 1162 3245; x_wconf 89' lang='lat' dir='ltr'><strong>applicuerunt</strong></span> 
     </span>
     <span class='ocr_line' id='line_1_27' title="bbox 209 3259 1161 3344; baseline -0.001 -20"><span class='ocrx_word' id='word_1_150' title='bbox 209 3259 300 3324; x_wconf 87' lang='lat' dir='ltr'><strong>euim</strong></span> <span class='ocrx_word' id='word_1_151' title='bbox 314 3261 439 3325; x_wconf 88' lang='lat' dir='ltr'><strong>ibidem</strong></span> <span class='ocrx_word' id='word_1_152' title='bbox 453 3264 582 3344; x_wconf 84' lang='lat' dir='ltr'><strong>pagani</strong></span> <span class='ocrx_word' id='word_1_153' title='bbox 598 3263 650 3326; x_wconf 87' lang='lat' dir='ltr'><strong>ilii</strong></span> <span class='ocrx_word' id='word_1_154' title='bbox 665 3283 743 3326; x_wconf 91' lang='lat' dir='ltr'><strong>cum</strong></span> <span class='ocrx_word' id='word_1_155' title='bbox 758 3262 905 3326; x_wconf 87' lang='lat' dir='ltr'><strong>navibus</strong></span> <span class='ocrx_word' id='word_1_156' title='bbox 921 3260 1045 3343; x_wconf 79' lang='lat' dir='ltr'><strong>viginti</strong></span> <span class='ocrx_word' id='word_1_157' title='bbox 1060 3261 1161 3343; x_wconf 93' lang='lat' dir='ltr'><strong>quiu-</strong></span> 
     </span>
     <span class='ocr_line' id='line_1_28' title="bbox 209 3360 1163 3448; baseline -0.001 -26"><span class='ocrx_word' id='word_1_158' title='bbox 209 3379 290 3443; x_wconf 90' lang='lat' dir='ltr'><strong>que,</strong></span> <span class='ocrx_word' id='word_1_159' title='bbox 308 3368 342 3424; x_wconf 89' lang='lat' dir='ltr'><strong>et</strong></span> <span class='ocrx_word' id='word_1_160' title='bbox 357 3360 509 3442; x_wconf 90' lang='lat' dir='ltr'><strong>spoliata</strong></span> <span class='ocrx_word' id='word_1_161' title='bbox 525 3363 639 3426; x_wconf 90' lang='lat' dir='ltr'><strong>insula</strong></span> <span class='ocrx_word' id='word_1_162' title='bbox 654 3363 715 3425; x_wconf 89' lang='lat' dir='ltr'><strong>illa</strong></span> <span class='ocrx_word' id='word_1_163' title='bbox 727 3362 980 3442; x_wconf 84' lang='lat' dir='ltr'><strong>navigaverunt</strong></span> <span class='ocrx_word' id='word_1_164' title='bbox 997 3369 1033 3424; x_wconf 88' lang='lat' dir='ltr'><strong>et</strong></span> <span class='ocrx_word' id='word_1_165' title='bbox 1050 3360 1163 3448; x_wconf 81' lang='lat' dir='ltr'><strong>apuli·</strong></span> 
     </span>
    </p>
   </div>
   <div class='ocr_carea' id='block_1_10' title="bbox 209 3573 1166 4267">
    <p class='ocr_par' dir='ltr' id='par_1_11' title="bbox 209 3573 1163 3780">
     <span class='ocr_line' id='line_1_29' title="bbox 245 3573 1163 3641; baseline -0.002 -14"><span class='ocrx_word' id='word_1_166' title='bbox 245 3574 255 3608; x_wconf 81' lang='lat'>¹</span> <span class='ocrx_word' id='word_1_167' title='bbox 279 3578 309 3627; x_wconf 71' lang='lat' dir='ltr'><strong>ln</strong></span> <span class='ocrx_word' id='word_1_168' title='bbox 334 3576 618 3639; x_wconf 79' lang='lat' dir='ltr'><strong>Northuuhumhrium,]</strong></span> <span class='ocrx_word' id='word_1_169' title='bbox 649 3584 675 3628; x_wconf 94' lang='lat' dir='ltr'><strong>to</strong></span> <span class='ocrx_word' id='word_1_170' title='bbox 699 3594 778 3641; x_wconf 91' lang='lat' dir='ltr'><strong>upon,</strong></span> <span class='ocrx_word' id='word_1_171' title='bbox 793 3577 908 3627; x_wconf 83' lang='lat' dir='ltr'><strong>Eonbuld</strong></span> <span class='ocrx_word' id='word_1_172' title='bbox 921 3592 975 3626; x_wconf 81' lang='lat' dir='ltr'><strong>was</strong></span> <span class='ocrx_word' id='word_1_173' title='bbox 991 3573 1071 3639; x_wconf 77' lang='lat' dir='ltr'><strong>living</strong></span> <span class='ocrx_word' id='word_1_174' title='bbox 1082 3578 1108 3625; x_wconf 92' lang='lat' dir='ltr'><strong>in</strong></span> <span class='ocrx_word' id='word_1_175' title='bbox 1120 3578 1163 3626; x_wconf 87' lang='lat' dir='ltr'><strong>the</strong></span> 
     </span>
     <span class='ocr_line' id='line_1_30' title="bbox 209 3647 1161 3710; baseline 0.002 -14"><span class='ocrx_word' id='word_1_176' title='bbox 209 3647 290 3707; x_wconf 88' lang='lat' dir='ltr'><strong>Dore,</strong></span> <span class='ocrx_word' id='word_1_177' title='bbox 306 3648 334 3696; x_wconf 87' lang='lat' dir='ltr'><strong>iu</strong></span> <span class='ocrx_word' id='word_1_178' title='bbox 351 3652 411 3710; x_wconf 76' lang='lat'><strong>827,</strong></span> <span class='ocrx_word' id='word_1_179' title='bbox 430 3649 567 3710; x_wconf 78' lang='lat' dir='ltr'><strong>according</strong></span> <span class='ocrx_word' id='word_1_180' title='bbox 586 3654 612 3697; x_wconf 89' lang='lat' dir='ltr'><strong>to</strong></span> <span class='ocrx_word' id='word_1_181' title='bbox 633 3649 675 3698; x_wconf 92' lang='lat' dir='ltr'><strong>the</strong></span> <span class='ocrx_word' id='word_1_182' title='bbox 699 3663 760 3709; x_wconf 80' lang='lat' dir='ltr'><strong>year</strong></span> <span class='ocrx_word' id='word_1_183' title='bbox 771 3651 828 3697; x_wconf 72' lang='lat'><strong>883.</strong></span> <span class='ocrx_word' id='word_1_184' title='bbox 854 3649 948 3710; x_wconf 85' lang='lat' dir='ltr'><strong>Spelm.</strong></span> <span class='ocrx_word' id='word_1_185' title='bbox 962 3648 1058 3697; x_wconf 86' lang='lat' dir='ltr'><strong>Concii.</strong></span> <span class='ocrx_word' id='word_1_186' title='bbox 1067 3662 1094 3708; x_wconf 92' lang='lat' dir='ltr'><strong>p.</strong></span> <span class='ocrx_word' id='word_1_187' title='bbox 1104 3651 1161 3698; x_wconf 72' lang='lat'><strong>888.</strong></span> 
     </span>
     <span class='ocr_line' id='line_1_31' title="bbox 209 3715 1163 3780; baseline -0.006 -9"><span class='ocrx_word' id='word_1_188' title='bbox 209 3716 378 3771; x_wconf 62' lang='lat' dir='ltr'><strong>Saachron.</strong></span> <span class='ocrx_word' id='word_1_189' title='bbox 735 3715 877 3767; x_wconf 68' lang='lat' dir='ltr'><strong>‘Successit</strong></span> <span class='ocrx_word' id='word_1_190' title='bbox 895 3717 1061 3780; x_wconf 61' lang='lat' dir='ltr'><strong>Ceoiuothas]</strong></span> <span class='ocrx_word' id='word_1_191' title='bbox 1086 3718 1163 3765; x_wconf 85' lang='lat' dir='ltr'><strong>Wen·</strong></span> 
     </span>
    </p>

    <p class='ocr_par' dir='ltr' id='par_1_12' title="bbox 209 3784 1166 4057">
     <span class='ocr_line' id='line_1_32' title="bbox 246 3784 1162 3850; baseline 0 -14"><span class='ocrx_word' id='word_1_192' title='bbox 246 3784 427 3850; x_wconf 56' lang='lat' dir='ltr'><strong>&#39;Gregoruffl</strong></span> <span class='ocrx_word' id='word_1_193' title='bbox 438 3786 481 3835; x_wconf 89' lang='lat' dir='ltr'><strong>the</strong></span> <span class='ocrx_word' id='word_1_194' title='bbox 494 3785 588 3836; x_wconf 84' lang='lat' dir='ltr'><strong>fourth.</strong></span> <span class='ocrx_word' id='word_1_195' title='bbox 624 3787 675 3836; x_wconf 88' lang='lat' dir='ltr'><strong>His</strong></span> <span class='ocrx_word' id='word_1_196' title='bbox 699 3788 776 3836; x_wconf 84' lang='lat' dir='ltr'><strong>dorer</strong></span> <span class='ocrx_word' id='word_1_197' title='bbox 786 3787 846 3836; x_wconf 86' lang='lat' dir='ltr'><strong>here</strong></span> <span class='ocrx_word' id='word_1_198' title='bbox 861 3788 936 3837; x_wconf 84' lang='lat' dir='ltr'><strong>omits</strong></span> <span class='ocrx_word' id='word_1_199' title='bbox 952 3787 1093 3849; x_wconf 78' lang='lat' dir='ltr'><strong>Fcologild,</strong></span> <span class='ocrx_word' id='word_1_200' title='bbox 1103 3786 1162 3836; x_wconf 87' lang='lat' dir='ltr'><strong>who</strong></span> 
     </span>
     <span class='ocr_line' id='line_1_33' title="bbox 209 3856 1162 3919; baseline -0.001 -13"><span class='ocrx_word' id='word_1_201' title='bbox 209 3856 287 3906; x_wconf 83' lang='lat' dir='ltr'><strong>death</strong></span> <span class='ocrx_word' id='word_1_202' title='bbox 304 3858 327 3906; x_wconf 83' lang='lat' dir='ltr'><strong>is</strong></span> <span class='ocrx_word' id='word_1_203' title='bbox 343 3856 463 3906; x_wconf 86' lang='lat' dir='ltr'><strong>recorded</strong></span> <span class='ocrx_word' id='word_1_204' title='bbox 481 3856 562 3904; x_wconf 83' lang='lat' dir='ltr'><strong>below</strong></span> <span class='ocrx_word' id='word_1_205' title='bbox 574 3857 600 3904; x_wconf 91' lang='lat' dir='ltr'><strong>iu</strong></span> <span class='ocrx_word' id='word_1_206' title='bbox 617 3861 675 3919; x_wconf 74' lang='grc'><strong>844,</strong></span> <span class='ocrx_word' id='word_1_207' title='bbox 698 3871 752 3905; x_wconf 81' lang='lat' dir='ltr'><strong>was</strong></span> <span class='ocrx_word' id='word_1_208' title='bbox 768 3856 930 3906; x_wconf 81' lang='lat' dir='ltr'><strong>consecrated</strong></span> <span class='ocrx_word' id='word_1_209' title='bbox 947 3857 1098 3919; x_wconf 81' lang='lat' dir='ltr'><strong>urchbishop</strong></span> <span class='ocrx_word' id='word_1_210' title='bbox 1117 3857 1162 3905; x_wconf 81' lang='lat' dir='ltr'><strong>oth</strong></span> 
     </span>
     <span class='ocr_line' id='line_1_34' title="bbox 210 3925 1163 3989; baseline 0.001 -15"><span class='ocrx_word' id='word_1_211' title='bbox 210 3927 237 3974; x_wconf 88' lang='lat' dir='ltr'><strong>iu</strong></span> <span class='ocrx_word' id='word_1_212' title='bbox 248 3927 291 3977; x_wconf 87' lang='lat' dir='ltr'><strong>the</strong></span> <span class='ocrx_word' id='word_1_213' title='bbox 302 3927 418 3988; x_wconf 79' lang='lat' dir='ltr'><strong>Jenuery</strong></span> <span class='ocrx_word' id='word_1_214' title='bbox 430 3925 459 3974; x_wconf 81' lang='lat' dir='ltr'><strong>oi</strong></span> <span class='ocrx_word' id='word_1_215' title='bbox 471 3925 555 3974; x_wconf 85' lang='lat' dir='ltr'><strong>which</strong></span> <span class='ocrx_word' id='word_1_216' title='bbox 567 3940 629 3987; x_wconf 82' lang='lat' dir='ltr'><strong>yeur</strong></span> <span class='ocrx_word' id='word_1_217' title='bbox 643 3926 675 3976; x_wconf 87' lang='lat' dir='ltr'><strong>he</strong></span> <span class='ocrx_word' id='word_1_218' title='bbox 698 3927 776 3988; x_wconf 88' lang='lat' dir='ltr'><strong>June,</strong></span> <span class='ocrx_word' id='word_1_219' title='bbox 788 3927 837 3975; x_wconf 79' lang='lat' dir='ltr'><strong>aud</strong></span> <span class='ocrx_word' id='word_1_220' title='bbox 845 3927 903 3976; x_wconf 88' lang='lat' dir='ltr'><strong>died</strong></span> <span class='ocrx_word' id='word_1_221' title='bbox 912 3927 971 3975; x_wconf 71' lang='lat' dir='ltr'><strong>both</strong></span> <span class='ocrx_word' id='word_1_222' title='bbox 980 3926 1092 3989; x_wconf 80' lang='lat' dir='ltr'><strong>August.</strong></span> <span class='ocrx_word' id='word_1_223' title='bbox 1108 3926 1163 3975; x_wconf 84' lang='lat' dir='ltr'><strong>The</strong></span> 
     </span>
     <span class='ocr_line' id='line_1_35' title="bbox 210 3995 1166 4057; baseline -0.002 -12"><span class='ocrx_word' id='word_1_224' title='bbox 210 3997 234 4045; x_wconf 82' lang='lat' dir='ltr'><strong>is</strong></span> <span class='ocrx_word' id='word_1_225' title='bbox 245 3995 485 4057; x_wconf 82' lang='lat' dir='ltr'><strong>supposedtohave</strong></span> <span class='ocrx_word' id='word_1_226' title='bbox 496 3995 565 4044; x_wconf 88' lang='lat' dir='ltr'><strong>died.</strong></span> <span class='ocrx_word' id='word_1_227' title='bbox 699 3997 760 4045; x_wconf 84' lang='lat' dir='ltr'><strong>Sax.</strong></span> <span class='ocrx_word' id='word_1_228' title='bbox 773 3996 865 4045; x_wconf 89' lang='lat' dir='ltr'><strong>Chrou.</strong></span> <span class='ocrx_word' id='word_1_229' title='bbox 877 3997 979 4045; x_wconf 77' lang='lat' dir='ltr'><strong>recordo</strong></span> <span class='ocrx_word' id='word_1_230' title='bbox 994 3996 1038 4044; x_wconf 89' lang='lat' dir='ltr'><strong>the</strong></span> <span class='ocrx_word' id='word_1_231' title='bbox 1049 3996 1126 4044; x_wconf 76' lang='lat' dir='ltr'><strong>death</strong></span> <span class='ocrx_word' id='word_1_232' title='bbox 1136 3995 1166 4044; x_wconf 81' lang='lat' dir='ltr'><strong>of</strong></span> 
     </span>
    </p>

    <p class='ocr_par' dir='ltr' id='par_1_13' title="bbox 210 4062 1162 4267">
     <span class='ocr_line' id='line_1_36' title="bbox 246 4062 926 4127; baseline 0.001 -13"><span class='ocrx_word' id='word_1_233' title='bbox 246 4062 436 4127; x_wconf 74' lang='lat' dir='ltr'><strong>⁸Winuouhuu]</strong></span> <span class='ocrx_word' id='word_1_234' title='bbox 455 4066 506 4113; x_wconf 83' lang='lat' dir='ltr'><strong>His</strong></span> <span class='ocrx_word' id='word_1_235' title='bbox 513 4063 590 4113; x_wconf 80' lang='lat' dir='ltr'><strong>death</strong></span> <span class='ocrx_word' id='word_1_236' title='bbox 601 4064 624 4112; x_wconf 88' lang='lat' dir='ltr'><strong>is</strong></span> <span class='ocrx_word' id='word_1_237' title='bbox 636 4080 674 4114; x_wconf 89' lang='lat' dir='ltr'><strong>re·</strong></span> <span class='ocrx_word' id='word_1_238' title='bbox 699 4065 822 4115; x_wconf 82' lang='lat' dir='ltr'><strong>Ceoiuoth</strong></span> <span class='ocrx_word' id='word_1_239' title='bbox 833 4067 859 4114; x_wconf 90' lang='lat' dir='ltr'><strong>in</strong></span> <span class='ocrx_word' id='word_1_240' title='bbox 868 4069 926 4115; x_wconf 82' lang='grc'><strong>870.</strong></span> 
     </span>
     <span class='ocr_line' id='line_1_37' title="bbox 210 4128 1162 4200; baseline -0.004 -14"><span class='ocrx_word' id='word_1_241' title='bbox 210 4136 306 4186; x_wconf 82' lang='lat' dir='ltr'><strong>corded</strong></span> <span class='ocrx_word' id='word_1_242' title='bbox 315 4135 496 4184; x_wconf 73' lang='lat' dir='ltr'><strong>belowiu854.</strong></span> <span class='ocrx_word' id='word_1_243' title='bbox 519 4133 675 4184; x_wconf 79' lang='lat' dir='ltr'><strong>liechurter</strong></span> <span class='ocrx_word' id='word_1_244' title='bbox 732 4134 885 4183; x_wconf 76' lang='lat' dir='ltr'><strong>⁸Exercttus</strong></span> <span class='ocrx_word' id='word_1_245' title='bbox 893 4128 1042 4200; x_wconf 68' lang='lat' dir='ltr'><strong>Dauom]</strong></span> <span class='ocrx_word' id='word_1_246' title='bbox 1059 4133 1162 4182; x_wconf 83' lang='lat' dir='ltr'><strong>SoSax.</strong></span> 
     </span>
     <span class='ocr_line' id='line_1_38' title="bbox 211 4203 1128 4267; baseline -0.001 -13"><span class='ocrx_word' id='word_1_247' title='bbox 211 4204 242 4254; x_wconf 77' lang='lat' dir='ltr'><strong>of</strong></span> <span class='ocrx_word' id='word_1_248' title='bbox 257 4205 320 4267; x_wconf 75' lang='lat' dir='ltr'><strong>king</strong></span> <span class='ocrx_word' id='word_1_249' title='bbox 341 4203 443 4253; x_wconf 79' lang='lat' dir='ltr'><strong>Unitlai</strong></span> <span class='ocrx_word' id='word_1_250' title='bbox 458 4205 481 4253; x_wconf 82' lang='lat' dir='ltr'><strong>is</strong></span> <span class='ocrx_word' id='word_1_251' title='bbox 499 4209 525 4252; x_wconf 90' lang='lat' dir='ltr'><strong>to</strong></span> <span class='ocrx_word' id='word_1_252' title='bbox 545 4204 576 4253; x_wconf 90' lang='lat' dir='ltr'><strong>be</strong></span> <span class='ocrx_word' id='word_1_253' title='bbox 595 4205 674 4254; x_wconf 84' lang='lat' dir='ltr'><strong>relicd</strong></span> <span class='ocrx_word' id='word_1_254' title='bbox 700 4205 792 4255; x_wconf 88' lang='lat' dir='ltr'><strong>Chmu.</strong></span> <span class='ocrx_word' id='word_1_255' title='bbox 804 4205 854 4253; x_wconf 78' lang='lat' dir='ltr'><strong>aud</strong></span> <span class='ocrx_word' id='word_1_256' title='bbox 865 4203 1003 4266; x_wconf 83' lang='lat' dir='ltr'><strong>others,ud</strong></span> <span class='ocrx_word' id='word_1_257' title='bbox 1015 4218 1058 4254; x_wconf 83' lang='lat' dir='ltr'><strong>uu.</strong></span> <span class='ocrx_word' id='word_1_258' title='bbox 1069 4206 1128 4253; x_wconf 72' lang='lat'><strong>8³8.</strong></span> 
     </span>
    </p>
   </div>
   <div class='ocr_carea' id='block_1_11' title="bbox 0 0 1517 5004">
    <p class='ocr_par' dir='ltr' id='par_1_14' title="bbox 0 0 1517 5004">
     <span class='ocr_line' id='line_1_39' title="bbox 0 0 1517 5004; baseline 0 0"><span class='ocrx_word' id='word_1_259' title='bbox 0 0 1517 5004; x_wconf 95' lang='lat' dir='ltr'><strong> </strong></span> 
     </span>
    </p>
   </div>
  </div>
 </body>
</html>
