3000 5004
366 452 405 514 ld
611 470 745 519 nocnnr
771 472 818 520 nn
842 473 1049 520 wnunovnn
1097 524 1105 530 ,

421 702 463 766 Ut
485 702 683 789 vortiporium
697 724 751 767 rec
765 703 811 767 od
824 700 934 766 bellum
941 684 1128 787 provocatam
1141 704 1262 767 cosilio

639 804 799 868 &monum
813 802 906 866 bootes
921 802 1040 866 vicerit.

198 944 309 1033 &papa
382 924 515 1039 'Anno
546 927 670 1009 gratiae
702 943 823 991 ccccn.
853 935 934 1008 post
973 945 1145 990 recessum
1184 927 1312 992 beatis·

199 1043 326 1130 neptam
360 1044 526 1088 armorum
565 1045 588 1089 a
626 1026 808 1090 Britannia
842 1026 1056 1108 pontificum,
1093 1034 1310 1109 emergentes

197 1095 339 1182 iiinimw'
360 1143 404 1187 ex
437 1144 532 1189 more
557 1124 653 1189 Scoti
687 1145 765 1189 cum
799 1125 908 1190 Pictis
939 1144 984 1189 ex
1014 1127 1173 1207 partibus
1208 1128 1308 1209 aqui·

358 1223 449 1287 lonis
470 1227 662 1290 exercitum
686 1226 788 1289 nimis
810 1225 976 1308 grandem
998 1224 1233 1303 confecerunt,
1255 1233 1310 1290 at·

358 1342 426 1405 qne
460 1325 675 1407 aquilonales
710 1325 834 1389 insulae
868 1332 985 1406 partes
1015 1324 1198 1390 devastare
1234 1343 1306 1389 coe·

356 1431 506 1505 perunt3
547 1424 639 1508 quod
674 1424 734 1488 ubi
765 1423 978 1505 Vortigerno
1019 1425 1218 1489 nuntiatum
1252 1425 1307 1488 fu-

357 1522 453 1601 isset,
485 1524 626 1606 collegit
665 1524 805 1601 milites,
837 1530 943 1605 atqne
977 1530 1074 1587 trans
1107 1522 1305 1588 Humbrum

194 1639 336 1730 {ss‘el'gffll’
356 1619 392 1684 in
434 1623 571 1686 obviam
607 1623 773 1704 perrexit.
821 1622 922 1686 ·Nec
962 1623 1109 1686 multum
1151 1625 1307 1706 oportuit

256 1701 330 1732 ⁸¹⁰⁰*
356 1721 450 1784 cives
474 1740 641 1803 pugnare,
663 1741 743 1785 nam
768 1721 939 1799 Saxones,
963 1723 1024 1805 qui
1053 1722 1210 1800 aderant,
1233 1731 1305 1788 tam

356 1820 501 1884 viriliter
528 1821 788 1903 praeliabantur,
811 1831 852 1886 ut
873 1822 1004 1899 hostes
1030 1823 1091 1904 qui
1117 1823 1212 1905 prius
1227 1823 1304 1886 vin·

355 1937 433 1982 cere
455 1920 625 1998 solebant,
648 1921 723 1984 sine
742 1939 839 1985 mora
863 1919 899 1984 in
925 1920 1043 2003 sugam
1060 1921 1307 2005 propellerent

354 2017 587 2101 Vortigemns
607 2039 690 2101 ergo
715 2040 777 2103 per
803 2019 883 2084 illos
908 2019 1055 2084 victoria
1072 2022 1216 2102 potitus,
1243 2022 1304 2086 do-

353 2119 453 2181 naria
492 2138 557 2182 sua
599 2120 780 2202 ampliavit
814 2120 877 2196 eis,
919 2127 1025 2202 atque
1063 2119 1144 2184 duci
1181 2141 1301 2185 eorum

354 2215 530 2300 Hengisto
563 2219 658 2284 dedit
689 2238 793 2301 agros
823 2219 990 2303 plurimos
1024 2220 1061 2282 in
1097 2214 1304 2285 ¹Lindeseia

351 2318 503 2399 regione,
529 2321 654 2402 quibus
680 2338 755 2383 sese
785 2327 820 2382 et
843 2318 1094 2383 commilitones
1118 2322 1199 2384 suos
1224 2339 1302 2384 sus·

351 2424 514 2483 tentaret.
565 2417 617 2482 At
637 2417 845 2500 HengistnS,
867 2437 944 2482 cum
971 2427 1063 2482 esset
1079 2419 1133 2482 vir
1150 2427 1301 2497 astutus,

350 2525 528 2600 comperta
552 2519 705 2582 amicitia
735 2518 828 2599 regis
857 2519 971 2600 ipsum
995 2518 1030 2581 in
1056 2517 1147 2582 hunc
1170 2538 1301 2586 sermo-

349 2635 427 2679 nem
450 2616 572 2694 adivit,
600 2617 762 2680 ‘Domine
787 2617 846 2694 mi,
871 2617 1023 2700 undique
1045 2617 1241 2701 inquietant
1263 2628 1299 2686 te

349 2715 477 2780 inimici
501 2717 564 2794 tui,
585 2726 690 2799 atque
715 2717 891 2780 minantur
913 2718 987 2794 tibi,
1011 2717 1200 2801 dicuntque
1221 2739 1297 2784 sese

348 2815 578 2881 conducturos
601 2816 831 2881 Armoricano
863 2824 976 2880 tractu
1005 2816 1185 2881 Aurelium
1210 2817 1297 2884 Am·

347 2914 512 2994 brasium,
536 2922 588 2993 ut,
616 2924 651 2981 te
677 2916 847 2999 deposito,
868 2917 982 2999 ipsum
1008 2917 1044 2979 in
1066 2937 1184 2999 regem
1215 2939 1296 3001 pro·

346 3023 520 3081 moveant.
566 3016 604 3080 Si
628 3016 743 3098 placet
767 3035 863 3098 ergo,
881 3017 1059 3080 mittamus
1083 3017 1120 3080 in
1146 3019 1296 3100 patriam

346 3123 500 3180 nostram
523 3123 560 3180 et
581 3116 768 3181 invitemus
791 3135 836 3180 ex
858 3134 900 3179 ea
921 3115 1048 3180 milites
1070 3123 1110 3180 ut
1134 3137 1296 3184 numerus

345 3224 463 3280 noster
478 3214 670 3298 augeatur?
716 3215 796 3280 Rex
814 3217 933 3297 itaque
957 3215 1110 3299 ejusdem
1134 3218 1296 3298 petitioni

345 3314 570 3398 adquiescens
601 3317 768 3398 praecepit
798 3314 975 3397 Hengisto
1005 3316 1041 3378 in
1071 3313 1295 3382 Germaniam

344 3414 493 3493 mittere,
508 3423 548 3480 ut
567 3416 694 3480 milites
715 3435 760 3479 ex
774 3433 816 3478 ea
832 3415 972 3478 invitati
996 3413 1157 3478 festinum
1181 3417 1294 3481 adfer-

343 3521 421 3577 rent
446 3515 626 3579 auxilium.
672 3515 749 3579 Nec
769 3533 877 3591 mora,
900 3514 996 3577 missi
1017 3515 1053 3577 in
1069 3513 1291 3581 Germaniam

343 3612 517 3694 legatione
541 3615 656 3679 nuntii
679 3621 960 3697 revertentesque
976 3613 1154 3679 duxerunt
1176 3636 1293 3681 secum

377 3907 385 3939 ¹
408 3909 572 3973 Limenia]
603 3910 748 3973 According
775 3916 801 3960 to
826 3926 881 3960 was
909 3912 992 3961 called
1015 3912 1123 3975 Tbnnng
1147 3920 1239 3978 castre,
1263 3936 1292 3968 or

341 3980 460 4042 Geeffrey
474 3980 502 4030 ol
512 3980 671 4038 Monmonth,
683 3981 801 4043 Wyrtge-
825 3982 1017 4045 Thongcaster.
1038 3982 1107 4030 Hist.
1117 3984 1180 4032 Brit.
1190 3988 1289 4051 vi.cnp.

338 4066 398 4100 orne
410 4066 474 4112 gave
486 4051 603 4112 llengeet
614 4066 642 4100 eo
654 4051 729 4099 much
741 4051 800 4100 land
827 4056 867 4102 ll.
880 4054 905 4101 lt
915 4067 970 4101 was
982 4052 1103 4113 situnted,
1117 4056 1253 4119 according
1265 4067 1291 4109 to

338 4135 367 4169 ae
386 4122 417 4171 he
430 4122 505 4170 could
524 4136 672 4184 encompass
686 4121 748 4170 with
768 4138 800 4171 au
826 4123 953 4184 Camden,
969 4123 1048 4172 about
1069 4123 1109 4172 six
1131 4125 1204 4176 miles
1226 4128 1289 4179 from

336 4192 391 4240 ox’e
411 4192 469 4241 bide
491 4198 535 4240 cut
558 4193 583 4240 in
606 4192 677 4240 small
701 4193 801 4253 thongs,
826 4192 955 4254 Grimeby.

337 4261 441 4311 ivhencc
453 4262 494 4311 the
506 4262 585 4312 caetle
596 4262 680 4311 which
692 4262 723 4312 he
735 4263 800 4312 built
