3000 5004
390 402 529 450 neonus
553 401 823 451 ursromnnurr.
1014 386 1080 451 115

129 555 252 631 tiones,
270 554 382 637 ipsam
406 564 581 639 postremo
605 566 749 623 mortem
772 560 884 624 crucis
900 561 944 623 ab
961 559 1081 624 infide·

128 652 219 716 libus
243 655 317 735 ipse
334 674 411 719 cum
430 656 570 721 Christo
593 659 732 723 tandem
759 660 977 723 coronandus
999 680 1078 742 per-

129 751 235 818 tulil’
287 753 357 818 His
379 757 471 820 boati
495 758 643 839 apostoli
667 758 814 840 flagellis
836 760 938 822 simul
960 766 996 822 et
1018 778 1079 822 ex·

129 851 383 918 hortationibus
403 857 577 919 animatus
599 856 748 921 famulus
770 857 899 922 Christi
924 858 1079 923 Lauren·

130 952 198 1015 tius
221 973 303 1016 mox
322 973 423 1018 mane
443 955 535 1019 lacto
556 957 652 1020 venit
673 957 718 1020 ad
742 977 871 1038 regem,
887 964 922 1021 et
951 958 1075 1022 erectis

130 1053 284 1115 vestibus
310 1055 450 1135 quantis
472 1063 564 1119 esset
589 1056 789 1119 verberibus
815 1057 988 1121 laceratus
1021 1075 1077 1120 os-

129 1150 261 1230 tendit3
293 1173 356 1216 rex
391 1160 506 1216 autem
535 1155 681 1218 multum
712 1155 869 1232 miratus,
898 1155 1079 1236 requisivit

129 1250 206 1331 quis
222 1251 258 1313 in
272 1271 380 1332 regno
397 1272 460 1315 suo
475 1260 574 1317 tanto
587 1254 662 1318 viro
679 1252 768 1317 tales
783 1254 940 1336 infligere
954 1254 1079 1336 plagas

129 1367 235 1413 ausus
249 1349 382 1418 suisset.
420 1351 577 1415 Tandem
594 1361 634 1416 ut
647 1352 781 1416 audivit
790 1354 872 1436 quia
885 1372 957 1416 suae
973 1371 1079 1416 causa

129 1449 254 1512 salutis
279 1451 462 1532 episcopus
484 1452 528 1514 ab
551 1452 710 1533 apostolo
730 1450 861 1516 Christi
880 1452 966 1515 talia
987 1460 1079 1516 esset

129 1549 273 1612 vulnera
296 1556 331 1614 et
347 1557 521 1614 tormenta
538 1570 734 1634 perpessus,
751 1552 913 1616 extimuit
929 1551 1077 1614 multum

128 1654 246 1729 atque,
262 1649 555 1714 anathematizato
568 1651 662 1713 omni
684 1651 891 1715 idololatriae
906 1651 1003 1715 cultu
1020 1651 1080 1712 ab·

129 1747 313 1830 dicatoque
333 1750 505 1814 connubio
528 1769 597 1813 non
620 1750 787 1831 legitimo,
807 1751 960 1833 suscepit
976 1749 1078 1813 fidem
1091 1764 1219 1856 “comp

132 1846 274 1924 Christi,
311 1856 346 1912 et
373 1850 571 1931 baptizatus
594 1849 748 1914 ecclesiae
782 1851 883 1913 rebus
910 1856 1078 1932 quantum
1215 1842 1222 1854 '

129 1947 240 2010 valuit
262 1947 298 2010 in
325 1949 484 2012 omnibus
511 1948 690 2012 consulere
724 1956 759 2013 et
791 1948 908 2013 favere
932 1948 1079 2013 curavit.

129 2045 262 2110 Verum
275 2048 348 2130 ipse
363 2068 442 2112 cum
464 2049 558 2111 omni
575 2055 678 2130 gente
699 2066 776 2125 sua,
794 2067 837 2112 ex
852 2067 922 2130 quo
944 2047 987 2112 ad
1005 2048 1079 2112 Do·

129 2146 259 2209 minum
283 2167 470 2211 conversus
495 2155 561 2224 est,
576 2146 703 2211 divinis
729 2167 766 2210 se
790 2148 925 2211 studuit
949 2147 1081 2210 manci·

129 2263 214 2326 pare
241 2247 437 2329 praeceptis.
488 2246 589 2310 Misit
611 2248 717 2310 etiam
740 2247 777 2309 in
792 2246 956 2324 Galliam,
981 2266 1081 2310 revo·
1091 2258 1240 2350 pigmus

130 2345 224 2408 cavit
248 2345 422 2409 Mellitum
448 2354 483 2409 et
508 2345 530 2409 J
535 2354 650 2410 ustum
682 2346 864 2429 episcopos
887 2354 922 2410 et
947 2365 1007 2410 eos
1035 2346 1165 2408 adorned·

130 2461 213 2507 suas
248 2445 412 2509 ecclesias
450 2445 557 2509 libere
601 2445 712 2509 redire
750 2447 927 2528 praecepit,
961 2447 1081 2528 sicque

130 2541 205 2607 viso
222 2544 388 2608 miraculo
401 2545 445 2607 ad
461 2544 615 2609 ecclesiae
630 2544 733 2608 rediit
747 2546 928 2610 unitatem.

160 2717 211 2781 De
218 2739 330 2804 papea
344 2718 426 2783 inter
443 2739 541 2804 rupem
556 2716 900 2782 Nomdoolumdroram
914 2728 943 2783 et
958 2740 1055 2804 repom

408 2816 605 2881 orientolium
619 2815 803 2902 deplorem.

182 2937 286 3003 Anno
311 2941 434 3022 gratiae
460 2957 599 3004 noxvrr.
619 2941 776 3004 Mellitus
801 2946 836 3002 ot
861 2938 986 3003 Justus
1008 2939 1081 3019 epi·
1093 2953 1149 2993 Au
1158 2951 1204 2991 ⁶1⁷·

130 3039 227 3120 scopi
250 3040 286 3102 in
303 3039 522 3103 Britanniam
536 3040 677 3117 reversi,
701 3059 723 3102 a
748 3058 829 3119 rego
844 3038 1023 3102 Eadbaldo
1046 3045 1081 3100 et

133 3144 209 3202 tota
225 3139 301 3223 ejus
316 3146 420 3220 gente
431 3159 509 3203 cum
525 3140 652 3203 honore
665 3138 794 3220 recepti
806 3145 899 3201 sunt.
938 3131 1197 3240 ¹Eodemphpt¹13¹3f
1237 3152 1239 3157 ’

132 3256 223 3300 anno
242 3238 504 3315 ·Reodwaldus,
538 3259 601 3302 rex
634 3237 852 3301 orientalium
874 3235 1082 3317 Anglorum,

134 3335 375 3415 Ethellridum,
391 3358 508 3421 regem
519 3336 919 3412 Northanhumbrorum,
931 3335 975 3398 ad
993 3355 1082 3417 prae-

131 3435 216 3499 lium
245 3438 456 3520 provocavit.
510 3437 757 3503 Convenerunt
787 3436 906 3517 itaque
943 3434 1085 3515 agmina

132 3542 357 3619 utrorumque
387 3538 424 3600 iu
452 3538 592 3618 regione
619 3536 643 3601 J
645 3543 783 3599 utarum
811 3534 855 3599 ad
880 3534 1084 3597 orientalem

133 3633 274 3718 plagam
296 3636 421 3714 amnis,
445 3638 505 3719 qui
529 3636 643 3700 ‘·Idle’
666 3642 832 3713 vocatur;
856 3635 947 3698 unde
975 3633 1085 3697 exivit

171 3887 535 3953 ¹EodemannoReodwulduc.]
545 3890 599 3939 The
624 3891 649 3938 in
672 3890 722 3938 this
744 3905 814 3951 year,
836 3890 972 3952 according
995 3897 1021 3939 to
1044 3891 1086 3940 the

136 3959 215 4009 battle
234 3960 264 4009 of
276 3960 319 4008 the
337 3959 405 4022 Idle,
415 3975 477 4009 near
494 3960 598 4009 Retlorrl
624 3959 786 4009 Sarnchron.
798 3958 847 4008 aud
860 3960 949 4020 Henry
958 3960 1088 4022 Hnnting·

136 4031 162 4078 in
182 4030 426 4092 Nottinghamshire,
444 4045 482 4093 or,
498 4029 600 4080 accord·
624 4029 684 4090 don,
694 4029 751 4078 who
763 4030 817 4078 also
827 4035 917 4090 quotes
928 4029 970 4078 the
981 4031 1087 4090 proverb

135 4100 217 4161 ingto
233 4115 249 4148 a
267 4101 390 4162 marginal
406 4100 485 4163 glosa,
500 4101 526 4149 in
537 4101 601 4148 Axi·
624 4098 683 4148 hero
694 4098 770 4149 cited.
807 4099 927 4148 l'lorenoe
942 4099 1029 4161 places
1045 4098 1088 4147 the

135 4169 184 4218 olm
205 4168 416 4233 [lincolnshire],
434 4185 489 4219 was
511 4169 600 4232 fought
613 4140 707 4231 iaction
720 4169 746 4217 in
757 4171 814 4218 ⁰1⁰.
