3000 5004
191 1439 238 1478 The
246 1438 319 1478 Danu

191 1488 290 1579 sucu

347 460 413 525 380
603 475 736 523 nocent
762 475 809 522 nn
831 473 1040 522 wnnnovnn

349 629 490 705 mundo,
518 628 760 693 cantuariensi
790 627 1062 710 archiepiscopo,
1089 621 1303 706 ¹Athelmus,

351 727 538 791 Wellensis
577 728 735 803 antisteS,
777 728 821 792 ad
860 727 977 791 sedem
1014 726 1302 792 cantuariensem

352 828 542 890 translatus
564 833 629 901 est,
654 833 689 889 et
714 826 791 889 loco
815 827 891 909 ejus
904 821 1108 889 ²Wlselmus
1130 828 1167 889 in
1194 828 1303 891 eccle·

352 927 405 988 sia
421 925 590 989 Wellensi
606 931 659 987 est
676 927 859 1006 episcopus
879 925 1082 1005 ordinatus;
1105 945 1176 1006 quo
1197 927 1302 989 etiam

352 1043 444 1087 anno
468 1022 639 1099 Werferd,
665 1023 877 1087 Wicciorum
908 1025 1075 1100 antistite,
1100 1025 1193 1087 viam
1226 1027 1302 1088 uni-

352 1142 462 1185 versae
485 1123 599 1185 carnis
620 1123 790 1203 ingresso,
812 1116 1059 1199 ³Ethelhunus‚
1083 1123 1191 1185 abbas
1216 1124 1302 1187 Ber-

352 1220 487 1297 keleiae,
513 1221 590 1284 loco
618 1222 727 1302 ipsius
752 1223 930 1285 successit.
984 1221 1115 1284 Eodem
1147 1228 1302 1304 tempore

352 1317 503 1396 Alfleda,
522 1320 733 1383 Merciorum
748 1319 898 1396 domina,
913 1314 1123 1402 ⁴Fadesbyri
1144 1327 1180 1383 et
1198 1321 1301 1385 War-

353 1418 433 1482 ham
463 1419 565 1482 villas
603 1419 809 1482 construxit.
885 1418 1014 1481 Eodem
1047 1437 1139 1482 anno
1172 1423 1301 1501 pagani

353 1518 557 1580 australium
569 1517 752 1580 Britonum
769 1517 854 1579 fines
869 1517 1085 1594 invadentes,
1100 1518 1218 1582 omnia
1235 1520 1299 1582 ihi-

352 1616 430 1679 dem
446 1616 536 1678 ferro
556 1622 592 1678 et
606 1615 747 1678 flamma
763 1623 983 1691 consumunt,
999 1616 1201 1698 episcopum
1215 1636 1301 1700 quo·

353 1733 419 1795 que
442 1709 616 1777 ⁵Camelec
645 1715 681 1776 in
697 1708 931 1777 ⁶Irchenefeld
958 1722 1099 1797 captum
1122 1714 1166 1777 ad
1195 1736 1303 1780 naves

352 1812 540 1888 abducunt,
571 1811 631 1874 sed
662 1832 730 1875 non
756 1813 866 1876 multo
891 1820 970 1895 post
998 1833 1062 1877 rex
1089 1813 1302 1879 Eadwardus

351 1910 465 1992 ipsum
488 1910 631 1973 redemit
655 1931 718 1993 pro
742 1911 973 1994 quadraginta
994 1912 1091 1975 libris
1119 1913 1301 1995 sterlingo-

353 2028 455 2089 rum3
489 2009 612 2073 deinde
636 2010 739 2073 iidem
763 2011 892 2092 pagani
914 2011 1110 2092 provincias
1137 2011 1303 2077 Herefor-

352 2107 504 2185 densem,
513 2108 791 2189 wigorniensem
805 2115 841 2172 et
852 2109 1122 2173 Glovernensem
1134 2113 1301 2192 aggressi,

352 2209 582 2289 provinciales
606 2208 685 2271 illos
711 2207 755 2271 ad
778 2208 936 2290 praelium
958 2218 1204 2290 provocarunt,
1231 2211 1301 2274 fac·

353 2311 457 2387 toque
482 2307 647 2371 conflictu
674 2308 892 2388 gravissimo,
916 2307 1112 2371 ceciderunt
1138 2309 1175 2371 in
1202 2318 1301 2391 parto

354 2397 557 2468 Danorum⁷
579 2404 686 2469 frater
709 2404 819 2468 Other
844 2407 936 2486 regis
962 2413 997 2469 et
1018 2406 1091 2470 dux
1119 2406 1300 2472 Rohaldus

353 2521 431 2564 cum
460 2503 633 2566 exercitus
664 2523 782 2567 eorum
809 2505 963 2567 maxima
990 2512 1101 2586 parte.
1169 2507 1300 2571 Eodem

353 2620 446 2664 anno
461 2621 523 2664 rex
540 2601 766 2680 Eadwardus,
778 2610 1007 2684 cognomento
1023 2604 1157 2681 Senior,
1169 2605 1301 2669 Bulrin·

353 2699 477 2780 geham
502 2701 666 2782 perrexit,
690 2702 749 2763 uhi
772 2722 817 2764 ex
840 2710 987 2784 utraque
1011 2711 1111 2785 parte
1128 2704 1212 2767 Usa>
1234 2705 1295 2768 flu·

352 2799 455 2861 minis
480 2800 688 2862 munitiones
715 2800 877 2864 aedificari
903 2801 996 2864 fecit.
1049 2802 1181 2866 Eodem
1209 2823 1299 2867 anno

352 2897 514 2961 defuncto
531 2897 721 2976 Cuthardo,
733 2898 1004 2964 Lindisfarnensi
1019 2902 1188 2979 antistite,
1199 2896 1299 2966 8ΜΗ-

351 2998 454 3062 redus
467 2998 645 3061 successit.

388 3266 556 3330 ¹Athelmas.]
573 3266 624 3314 His
641 3265 718 3315 death
734 3265 757 3314 is
775 3281 815 3316 re·
873 3260 1050 3382 ‘Comeleadj
1098 3265 1301 3330 ‘Canelegeecss

351 3336 443 3384 corded
462 3337 544 3384 below
563 3337 590 3384 in
608 3339 674 3395 9243
697 3350 814 3397 compare
840 3335 1026 3396 Huntingd.an
1056 3335 1123 3384 Flor.

350 3406 428 3466 Angl.
440 3405 510 3453 Sacr.
522 3406 540 3454 i.
551 3420 577 3466 p.
589 3409 630 3454 99.
872 3398 1073 3472 ‘Ircheneseld.]
1097 3404 1254 3469 Irchinfield,
1275 3409 1300 3456 in

385 3472 560 3537 ’Wlselmrud
581 3476 656 3536 Upon
675 3473 718 3523 the
737 3473 812 3522 death
839 3473 1043 3522 Hereiordshire.

351 3543 380 3591 oi
388 3543 490 3591 Athclm
502 3543 534 3592 he
551 3544 693 3593 succeeded
709 3548 735 3592 to
747 3544 814 3592 Can·
872 3539 1020 3591 'Daaoram
1033 3541 1118 3601 frater
1139 3543 1219 3592 Other
1235 3546 1301 3608 regis

350 3613 463 3673 terbury,
480 3612 530 3660 und
553 3613 623 3676 died,
644 3627 674 3662 aa
692 3613 812 3662 recorded
838 3614 925 3661 etdax
937 3611 1088 3674 Rohuldm]
1108 3612 1180 3661 ‘dux
1191 3613 1300 3664 hostium

350 3682 442 3741 below,
454 3682 480 3728 in
491 3685 550 3730 ost.
839 3680 970 3730 Rhonldue
981 3681 1109 3741 fraterque
1115 3682 1190 3731 ducis
1196 3683 1301 3734 aanor

385 3743 813 3817 'Ethelhuaue,]calledbyhlalms·
838 3749 1302 3813 Ohteri,'Flor.;‘occideruntqueRa·

350 3818 416 3878 bury
427 3819 435 3846 ‘
445 3818 552 3878 Ecelin,’
563 3819 612 3866 and
625 3819 710 3880 ltalph
721 3820 753 3868 de
765 3820 813 3867 Di·
837 3818 880 3868 hal
897 3821 1025 3869 consulem
1045 3824 1071 3868 ct
1081 3820 1182 3871 Geolcil
1198 3821 1300 3872 fratrem

351 3887 667 3949 ceto‘Adehunus,'died,
675 3889 812 3950 according
838 3888 928 3937 Utheri
951 3888 1081 3950 consulis,'
1109 3891 1193 3939 Hunt.
1246 3892 1299 3941 Tito

349 3958 376 4004 to
387 3956 429 4004 the
439 3961 493 4004 text
504 3957 555 4004 and
566 3956 695 4018 Florence,
707 3959 733 4006 in
743 3962 800 4008 922.
837 3959 898 4007 Sar.
910 3958 1003 4008 Chron.
1021 3959 1108 4019 places
1124 3958 1195 4009 these
1214 3966 1300 4011 events

384 4023 395 4056 ⁴
408 4025 542 4089 Fodeshyri
557 4030 581 4074 et
597 4027 742 4090 Wmhum]
762 4028 812 4075 Ea·
837 4028 863 4074 in
874 4031 932 4076 918.

349 4096 461 4157 deshnry
478 4096 528 4143 and
544 4096 674 4145 Warwick
693 4112 736 4145 are
753 4112 811 4158 pro·
871 4094 1041 4158 ⁸Milredua]
1063 4093 1216 4158 ‘Tilredus,’
1236 4099 1301 4148 Flor.

349 4166 425 4226 bnbly
443 4165 501 4214 here
521 4166 661 4226 intended;
689 4181 731 4215 see
749 4167 811 4216 Sax.
837 4166 887 4214 and
908 4166 990 4215 below
1012 4166 1038 4213 in
1066 4170 1125 4227 tm,
1147 4168 1233 4217 where
1262 4167 1300 4217 his

350 4234 443 4284 Chron.
454 4236 487 4284 ad
495 4250 536 4284 an.
548 4238 605 4286 915.
837 4236 914 4286 death
925 4237 948 4285 is
959 4233 1089 4285 recorded·
