3000 5004
461 475 600 524 nnonns
623 472 892 521 nrsronmnun.
1089 453 1155 518 519

179 634 404 719 postulavit,
428 633 520 715 quod
550 633 580 696 si
607 625 616 662 ¹
618 632 680 716 jus
704 628 873 696 Willelmi
901 645 1029 708 negare
1056 627 1153 704 velit,

196 735 330 820 judicio
355 733 446 798 sedis
471 731 684 816 apostolicae,
706 728 763 793 vel
782 728 902 812 praelio
929 727 959 790 si
979 727 1153 804 maluerit,

201 835 267 899 boc
284 833 480 898 Willelmus
496 851 533 895 se
547 829 672 895 asserit
689 829 925 911 probaturum.
973 826 1153 891 Huroldus

203 952 341 1016 quoque
360 940 483 996 contra
505 930 568 993 bas
591 947 709 992 omnes
732 926 952 1001 assertiones,
969 925 1044 989 solo
1061 925 1153 1007 quod

202 1029 460 1113 supradictum
488 1034 542 1092 est
565 1045 731 1108 responso
756 1031 952 1100 contentus,
980 1023 1153 1088 Norman-

204 1149 325 1194 norum
342 1128 475 1192 animos
492 1125 633 1189 exacuit
650 1123 694 1188 ad
711 1122 946 1206 pugnandum.

278 1301 327 1364 De
342 1296 416 1364 dailo
432 1297 520 1383 apud
533 1295 725 1380 Hostiaqum
739 1303 767 1359 ot
782 1293 819 1359 de
835 1293 968 1359 uictoria
985 1293 1076 1359 ducis

609 1393 769 1460 Wilotmt.

254 1518 390 1584 Deinde
411 1526 529 1602 partes
558 1518 714 1583 adversae
742 1518 835 1582 acies
857 1518 1067 1601 disponunt3
1094 1519 1155 1583 sed
1171 1543 1273 1586 onnon

207 1616 328 1701 Angli,
341 1620 401 1701 qui
418 1628 554 1683 noctem
572 1625 681 1682 totam
698 1616 887 1682 insomnem
904 1637 984 1682 cum
999 1617 1157 1682 cantibus
1169 1595 1279 1645 ¹¹”⁸¹⁰⁸''

205 1725 241 1781 et
254 1719 489 1800 potationibus
503 1724 801 1801 consumpserant,
821 1735 921 1781 mane
941 1718 1054 1781 adbrw
1071 1718 1156 1781 ebrii

205 1824 327 1881 contra
342 1817 460 1882 hostes
473 1817 713 1881 incunctanter
724 1816 927 1899 procedunt,
938 1817 1071 1899 pedites
1084 1837 1158 1882 om-

208 1935 269 1979 nes
286 1936 365 1979 cum
380 1916 552 1999 bipennis,
568 1923 728 1980 conserta
742 1924 824 1979 ante
840 1935 879 1979 se
896 1924 1072 1981 scutorum
1087 1923 1157 1981 tes·

208 2013 340 2093 tudine,
355 2034 499 2079 cuneum
516 2014 811 2097 impenetrabilem
825 2014 1027 2078 ordinarunt
1040 2035 1049 2093 ;
1064 2015 1157 2097 quod

208 2113 363 2194 profecto
384 2114 454 2177 illis
476 2132 519 2176 ea
533 2113 589 2176 die
609 2113 714 2177 saluti
732 2112 865 2190 fuisset,
880 2113 947 2177 nisi
964 2112 1158 2178 Normanni

208 2230 302 2274 more
326 2231 391 2274 suo
413 2211 499 2292 fuga
517 2210 693 2288 simulata,
717 2219 894 2274 consertas
921 2213 1014 2277 acies
1034 2212 1159 2276 dissol-

209 2309 353 2373 vissent.
407 2309 488 2373 Rex
517 2308 698 2373 Haroldus
726 2309 831 2390 pedes
858 2309 967 2393 juxta
991 2309 1158 2375 vexillum

105 2413 107 2416 ⁴
208 2407 325 2472 stabat
348 2427 427 2471 cum
449 2407 614 2472 fratribus
633 2408 718 2486 suis,
741 2415 789 2485 ut,
809 2408 845 2471 in
867 2427 1046 2472 commune
1070 2428 1160 2472 coae·

209 2514 316 2589 quuto
330 2507 496 2589 periculo,
511 2526 612 2570 nemo
625 2506 668 2570 do
682 2507 766 2587 suga
778 2507 971 2588 cogitaret3
990 2527 1010 2571 e
1025 2514 1160 2585 contra,

209 2625 294 2686 gens
311 2605 590 2670 Normannorum
607 2613 708 2670 nocte
724 2612 800 2670 tota
818 2604 1025 2670 confessioni
1041 2625 1162 2688 pecca-

209 2713 323 2768 torum
350 2705 581 2784 intendentes,
614 2725 715 2769 mane
736 2703 911 2768 Dominici
939 2706 1093 2788 corporis
1126 2713 1161 2770 et

209 2804 389 2884 sanguinis
404 2803 592 2867 munimine
607 2802 769 2885 saginati,
786 2803 952 2867 audacter
968 2803 1086 2868 hostes
1101 2824 1161 2869 su·.

208 2902 448 2983 pervenientes
463 2902 725 2984 exspectabant.
771 2900 953 2965 Peditibns
968 2922 1047 2967 oum
1062 2921 1162 2966 arcu-

209 3000 274 3064 bus
291 3006 326 3063 et
340 2999 480 3082 sagittis
496 2998 693 3063 Willelmus
707 2999 854 3083 primam
875 3001 985 3064 aciem
1001 3003 1161 3081 munivit,

210 3098 343 3180 equites
365 3105 458 3162 retro
478 3096 599 3161 divisis
622 3098 687 3161 alis
709 3098 903 3163 constituit.
954 3098 1040 3163 Dux
1061 3100 1161 3165 vultu

210 3216 352 3260 serenus
368 3197 464 3261 clara
474 3215 559 3260 voce
571 3216 646 3260 sua>
657 3197 748 3278 parti
760 3203 881 3278 utpote
894 3198 1035 3281 justiori
1047 3199 1161 3263 Deum

210 3295 410 3360 adfuturum
432 3296 674 3379 pronuntians,
698 3314 795 3359 arma
821 3296 989 3378 deposcit,
1010 3318 1162 3381 moxque

213 3395 448 3459 ministrorum
472 3393 624 3460 tumultu
643 3394 817 3458 inversam
839 3395 980 3459 indutus
1008 3397 1163 3475 loricam,

211 3512 329 3557 casnm
343 3495 416 3558 risu
426 3495 600 3572 correxit;
615 3493 814 3571 ‘Vertetnr,
828 3495 984 3577 inquam,
995 3495 1163 3561 fortitudo

210 3591 356 3657 ducatus
375 3593 442 3657 mei
461 3593 497 3657 in
515 3586 684 3675 regnum!
733 3592 834 3656 Tunc
851 3587 1038 3658 ²Rollandi
1057 3604 1163 3660 cantu

244 3753 253 3786 ¹
265 3759 315 3806 Jus
336 3759 464 3809 Wiltelmi.
476 3760 488 3823 ]
509 3759 676 3822 Throughout
700 3774 730 3809 ns
740 3760 783 3809 the
794 3759 900 3821 rigbtful
911 3761 967 3811 heir
977 3768 1002 3813 to
1010 3763 1052 3813 the
1059 3765 1163 3827 throne;

208 3827 251 3876 the
269 3828 415 3890 Domesday
426 3842 519 3890 surrey
536 3829 635 3879 Harold
652 3830 675 3878 is
700 3830 1160 3896 seelnbod.toDomesday,i,p.8tl.

210 3897 351 3958 constandy
379 3897 476 3959 spoken
508 3899 538 3948 ot'
567 3914 597 3948 as
632 3899 675 3948 the
736 3896 981 3965 'Rodundicuntufl
998 3905 1165 3965 supposedto

208 3981 319 4028 usurper
336 3966 365 4015 os
384 3967 428 4015 the
446 3968 533 4030 reelm,
552 3968 675 4029 ‘quando
700 3967 732 4016 be
743 3983 760 4018 e
770 3970 882 4018 metricat
893 3985 1009 4021 romanoe
1016 3987 1165 4024 commemo·

208 4035 302 4084 invasit
316 4050 420 4097 regnum
430 4036 447 4095 3⁹
463 4037 506 4086 the
517 4051 587 4086 same
598 4042 675 4086 terme
700 4039 784 4101 ruting
794 4039 836 4087 the
852 4041 948 4088 actions
965 4041 994 4089 os
1004 4041 1045 4089 the
1061 4043 1165 4103 paludin

209 4118 252 4152 are
275 4104 340 4153 used
363 4106 389 4153 in
408 4104 451 4155 the
474 4106 560 4155 Battle
582 4106 675 4168 Abbey
701 4107 1166 4171 Roland,andotherpeersotchar·

209 4173 381 4234 chartulam
397 4173 484 4223 wbilst
496 4175 523 4223 in
538 4175 598 4224 both
612 4175 675 4225 wil·
700 4175 825 4239 lemugne,
833 4178 892 4226 who
901 4178 944 4228 fell
956 4184 982 4227 at
994 4180 1166 4244 Ronoevsult3
1228 4225 1230 4228 .

209 4242 268 4291 lium
276 4257 385 4304 appears
396 4247 421 4291 to
433 4244 464 4292 be
473 4244 673 4306 acknowledged
702 4244 822 4296 Mulmsb.
834 4262 861 4308 p.
873 4251 932 4311 41⁵,
943 4253 997 4298 note
1008 4248 1027 4299 ⁴.
