3000 5004
384 485 523 533 rnonns
547 486 816 534 ursrourxauu.
1012 457 1078 532 445

128 637 217 701 Οιιιιι
244 659 328 720 ergo
351 639 454 724 hujus
475 641 605 705 decreti
629 642 802 704 sententia
834 640 925 722 apud
958 641 1078 703 urbem
1091 656 1231 747 elffii?

129 737 386 802 Londoniarum
407 741 539 823 absque
553 741 683 823 pietate
701 746 962 821 exsequeretur,
982 740 1079 821 fuge·
1210 733 1216 744 ’

129 844 210 900 runt
235 837 336 901 multi
362 840 541 902 Danorum
568 839 611 901 ad
637 839 816 902 ecclesiam
844 837 1016 920 quandam
1044 838 1080 902 iu

129 936 282 1012 civitate,
298 938 356 1000 ubi
372 958 490 1002 omnes
507 939 592 1020 ipsis
609 937 788 1000 adstantes
811 938 979 1000 altaribus
999 945 1080 1000 sunt

130 1036 320 1117 perempti;
352 1038 412 1100 sed
433 1037 582 1120 juvenes
609 1037 747 1117 quidam
775 1056 820 1099 ex
846 1037 986 1098 natione
1010 1037 1081 1099 Da-

130 1135 220 1210 nica,
237 1135 280 1198 ad
307 1155 431 1199 navem
447 1136 620 1218 quandam
640 1134 825 1215 fugientes,
844 1135 994 1197 Daniam
1019 1155 1079 1216 pe-

130 1234 271 1309 tierunt,
292 1241 327 1297 et
344 1236 417 1315 regi
436 1235 554 1298 Suano
577 1241 720 1296 cruenta
740 1253 813 1296 suae
837 1234 951 1313 gentis
972 1232 1081 1296 exitia

130 1331 343 1409 nuntiantes,
367 1335 480 1415 ipsum
507 1333 551 1396 ad
577 1332 773 1414 lachrymas
798 1340 1079 1410 commoverunt3

131 1432 202 1512 qui,
219 1433 419 1496 convocatis
435 1433 570 1496 cunctis
593 1432 690 1512 regni
706 1432 930 1513 principibus,
945 1434 1081 1494 omnem

132 1530 182 1592 rei
196 1537 304 1611 gestae
319 1532 442 1594 seriem
462 1550 653 1613 exponens,
667 1530 749 1612 quid
766 1531 937 1611 agendum
954 1549 1081 1592 consu-

132 1628 256 1704 lerent,
273 1629 458 1710 diligenter
475 1630 636 1712 inquirit;
661 1630 721 1710 qui
743 1648 874 1705 omneS,
889 1629 989 1710 quasi
1012 1648 1081 1692 uno

133 1746 192 1790 ore
208 1728 453 1804 acclamantes,
469 1730 695 1791 decreverunt
711 1729 982 1811 propinquorum
999 1747 1082 1792 suo·

135 1846 210 1889 rum
228 1833 264 1889 et
278 1828 466 1891 amicorum
485 1828 558 1891 lore
573 1828 776 1908 sanguinem
797 1826 1042 1891 ulciscendum.

176 1923 291 1989 Auxit
303 1936 419 1990 autern
437 1926 541 2010 hujus
557 1927 825 2009 perturbationis
843 1928 973 1990 rabiem
988 1945 1080 1988 mors

135 2022 333 2102 Gunnildis,
349 2027 478 2090 sororis
495 2025 603 2088 Suani
626 2026 729 2105 regis,
746 2045 824 2107 quae
844 2026 879 2087 in
900 2025 991 2087 hunc
1009 2045 1083 2087 mo-

132 2121 214 2186 dum
239 2123 276 2186 iu
291 2121 423 2204 Anglia
444 2143 554 2206 nuper
575 2124 680 2186 fuerit
697 2123 896 2201 interl'ecta3
927 2123 1013 2185 Erat
1033 2123 1081 2185 si·
1174 2188 1176 2191 ,

134 2221 272 2303 quidem
285 2220 471 2286 Gunnildis
483 2222 630 2305 praefata
643 2221 791 2302 Palingo
805 2221 922 2284 comiti
932 2222 1082 2297 Danico,

135 2321 242 2385 nobili
258 2322 346 2397 viro,
367 2321 460 2403 [lege
477 2320 653 2404 conjugali
668 2319 843 2402 copulata,
861 2340 939 2401 quac
958 2321 1082 2402 priori·

134 2420 200 2482 bns
230 2420 342 2495 aunis,
368 2439 446 2483 cunr
475 2420 565 2501 viro]
591 2417 756 2501 Angliam
784 2419 953 2500 ingressa,
981 2418 1083 2481 fidem

136 2518 264 2582 Christi
286 2519 413 2583 ibidem
434 2526 470 2582 et
490 2519 710 2601 baptismatis
732 2526 987 2582 sacramentum
1007 2538 1083 2581 sus·

135 2624 287 2700 ceperat.
322 2617 412 2682 Haec
430 2618 550 2699 virago
567 2618 846 2700 prudentissima,
860 2619 951 2681 inter
962 2618 1084 2682 Dauos

135 2714 315 2797 etAnglos
329 2718 426 2799 pacis
443 2716 627 2780 mediatrix
644 2717 810 2792 existens,
823 2718 975 2781 obsidem
995 2736 1084 2793 sese,

136 2834 213 2879 cum
228 2815 303 2879 viro
326 2823 361 2880 et
381 2815 482 2878 unico
499 2835 601 2898 quem
624 2815 774 2879 babebat
795 2816 878 2892 filio,
898 2816 1084 2880 Ethelredo

137 2915 211 2996 regi
233 2914 277 2977 ad
299 2915 395 2997 pacis
420 2916 641 2978 securitatem
662 2913 778 2992 dedit3
804 2913 879 2977 haec
901 2932 979 2977 cum
1002 2914 1086 2977 suis·

137 3020 191 3076 set
214 3032 236 3076 a
257 3033 339 3094 rege
362 3013 510 3076 Eadrico
533 3013 612 3076 duci
639 3013 684 3075 ad
708 3013 968 3077 custodiendum
991 3032 1084 3074 conr·

138 3111 256 3187 missa,
278 3119 356 3194 post
372 3111 447 3176 dies
466 3131 596 3195 paucos
618 3112 654 3173 in
673 3112 858 3193 praesentia
880 3113 956 3194 ejus
973 3112 1084 3174 virum

139 3230 240 3274 suum
264 3231 341 3274 cum
365 3211 436 3275 filio
462 3219 612 3294 quatuor
634 3210 715 3273 lecit
739 3211 869 3273 lanceis
891 3211 982 3273 idem
1005 3230 1085 3292 pro-

139 3310 232 3373 ditor
254 3309 422 3373 Eadricus
449 3309 633 3374 crudeliter
649 3309 825 3391 jugulare,
847 3318 882 3372 et
904 3309 999 3372 illam
1022 3327 1086 3372 no·

139 3407 278 3473 vissime
320 3428 524 3490 generosam
556 3408 733 3471 mulierem
766 3408 956 3489 decapitari
998 3427 1087 3489 prae·

139 3507 244 3589 cepit.
295 3506 482 3571 Gunnildis
504 3527 600 3582 vero,
626 3507 707 3570 forti
732 3507 847 3569 animo
873 3507 993 3571 mortis
1016 3506 1086 3568 dis·

142 3606 286 3670 crimina
313 3606 500 3689 perferenS,
528 3606 695 3670 moritura
721 3625 789 3669 non
816 3604 1000 3687 expalluit,
1023 3624 1087 3668 nec

140 3712 278 3770 mortua
304 3714 510 3787 consumpto
536 3706 705 3786 sanguine
731 3704 847 3768 vultus
877 3705 932 3767 sui
959 3704 1089 3768 sereni·

140 3812 248 3868 tatem
280 3804 417 3882 amisit;
450 3812 675 3867 veruntamen
705 3804 853 3868 moriens
884 3803 1090 3868 fiducialiter

140 3903 392 3985 pronuntiavit,
412 3903 504 3985 quod
527 3903 580 3966 sui
604 3904 783 3984 sanguinis
814 3904 935 3969 effusio
963 3910 1089 3986 magno

142 4002 206 4066 toti
234 4000 373 4083 Angliae
408 4001 505 4066 fieret
537 4002 755 4065 detrimento.
807 4001 876 4065 His
909 4004 1016 4084 igitur
1047 4002 1090 4065 de

141 4101 256 4165 causis
284 4120 347 4164 rex
375 4100 555 4166 Danornm
589 4101 739 4177 Suanns,
766 4102 820 4166 vir
852 4101 1013 4176 crudelis,
1046 4099 1090 4162 ad

142 4200 321 4281 sanguinis
345 4200 544 4265 effusionem
571 4219 713 4282 pronus,
736 4201 779 4262 ad
804 4199 991 4262 vindictam
1016 4198 1091 4262 ani·
