<?xml version="1.0" encoding="UTF-8"?>
<!DOCTYPE html PUBLIC "-//W3C//DTD XHTML 1.0 Transitional//EN"
    "http://www.w3.org/TR/xhtml1/DTD/xhtml1-transitional.dtd">
<html xmlns="http://www.w3.org/1999/xhtml" xml:lang="en" lang="en">
 <head>
  <title>
</title>
<meta http-equiv="Content-Type" content="text/html;charset=utf-8" />
  <meta name='ocr-system' content='tesseract 3.04.00' />
  <meta name='ocr-capabilities' content='ocr_page ocr_carea ocr_par ocr_line ocrx_word'/>
</head>
<body>
  <div class='ocr_page' id='page_1' title='image "./rogeridewendove05rogegoog_0524.png"; bbox 0 0 3000 5004; ppageno 0'>
   <div class='ocr_carea' id='block_1_1' title="bbox 353 466 1045 531">
    <p class='ocr_par' dir='ltr' id='par_1_1' title="bbox 353 466 1045 531">
     <span class='ocr_line' id='line_1_1' title="bbox 353 466 1045 531; baseline 0.003 -4"><span class='ocrx_word' id='word_1_1' title='bbox 353 479 493 527; x_wconf 77' lang='lat' dir='ltr'>monas</span> <span class='ocrx_word' id='word_1_2' title='bbox 516 480 786 528; x_wconf 75' lang='lat' dir='ltr'>msromnann.</span> <span class='ocrx_word' id='word_1_3' title='bbox 979 466 1045 531; x_wconf 79' lang='grc'>479</span> 
     </span>
    </p>
   </div>
   <div class='ocr_carea' id='block_1_2' title="bbox 94 636 1046 2012">
    <p class='ocr_par' dir='ltr' id='par_1_2' title="bbox 94 636 1046 2012">
     <span class='ocr_line' id='line_1_2' title="bbox 94 636 1044 721; baseline 0.002 -20"><span class='ocrx_word' id='word_1_4' title='bbox 94 639 310 720; x_wconf 83' lang='lat' dir='ltr'>colligerent,</span> <span class='ocrx_word' id='word_1_5' title='bbox 336 658 376 701; x_wconf 92' lang='lat' dir='ltr'>ac</span> <span class='ocrx_word' id='word_1_6' title='bbox 402 638 524 721; x_wconf 87' lang='lat' dir='ltr'>piratis</span> <span class='ocrx_word' id='word_1_7' title='bbox 551 636 623 700; x_wconf 88' lang='lat' dir='ltr'>suis</span> <span class='ocrx_word' id='word_1_8' title='bbox 646 639 841 701; x_wconf 88' lang='lat' dir='ltr'>necessaria</span> <span class='ocrx_word' id='word_1_9' title='bbox 868 638 1044 703; x_wconf 90' lang='lat' dir='ltr'>ministra·</span> 
     </span>
     <span class='ocr_line' id='line_1_3' title="bbox 96 732 1044 821; baseline 0.002 -20"><span class='ocrx_word' id='word_1_10' title='bbox 96 745 185 801; x_wconf 91' lang='lat' dir='ltr'>rent.</span> <span class='ocrx_word' id='word_1_11' title='bbox 238 739 294 801; x_wconf 83' lang='lat' dir='ltr'>Ex</span> <span class='ocrx_word' id='word_1_12' title='bbox 319 739 444 821; x_wconf 88' lang='lat' dir='ltr'>quibus</span> <span class='ocrx_word' id='word_1_13' title='bbox 468 732 572 802; x_wconf 88' lang='lat' dir='ltr'>¹duos</span> <span class='ocrx_word' id='word_1_14' title='bbox 602 737 696 800; x_wconf 86' lang='lat' dir='ltr'>cives</span> <span class='ocrx_word' id='word_1_15' title='bbox 719 738 981 819; x_wconf 79' lang='lat' dir='ltr'>wigornienses</span> <span class='ocrx_word' id='word_1_16' title='bbox 1008 748 1044 803; x_wconf 92' lang='lat' dir='ltr'>et</span> 
     </span>
     <span class='ocr_line' id='line_1_4' title="bbox 94 837 1041 922; baseline 0.003 -22"><span class='ocrx_word' id='word_1_17' title='bbox 94 838 325 919; x_wconf 80' lang='lat' dir='ltr'><strong>provinciales</strong></span> <span class='ocrx_word' id='word_1_18' title='bbox 342 838 378 900; x_wconf 91' lang='lat' dir='ltr'>iu</span> <span class='ocrx_word' id='word_1_19' title='bbox 403 837 552 919; x_wconf 89' lang='lat' dir='ltr'>quodam</span> <span class='ocrx_word' id='word_1_20' title='bbox 577 838 798 914; x_wconf 87' lang='lat' dir='ltr'>monasterio,</span> <span class='ocrx_word' id='word_1_21' title='bbox 815 838 857 901; x_wconf 87' lang='lat' dir='ltr'>ad</span> <span class='ocrx_word' id='word_1_22' title='bbox 873 839 964 920; x_wconf 92' lang='lat' dir='ltr'>quod</span> <span class='ocrx_word' id='word_1_23' title='bbox 980 860 1041 922; x_wconf 91' lang='lat' dir='ltr'>pa·</span> 
     </span>
     <span class='ocr_line' id='line_1_5' title="bbox 96 937 1042 1018; baseline 0.002 -18"><span class='ocrx_word' id='word_1_24' title='bbox 96 937 145 1000; x_wconf 84' lang='lat' dir='ltr'>cis</span> <span class='ocrx_word' id='word_1_25' title='bbox 162 938 277 1018; x_wconf 82' lang='lat' dir='ltr'>gratia</span> <span class='ocrx_word' id='word_1_26' title='bbox 300 937 542 1018; x_wconf 81' lang='lat' dir='ltr'>confugerant,</span> <span class='ocrx_word' id='word_1_27' title='bbox 559 946 776 1018; x_wconf 88' lang='lat' dir='ltr'>peremerunt</span> <span class='ocrx_word' id='word_1_28' title='bbox 790 958 798 1017; x_wconf 82' lang='lat'>3</span> <span class='ocrx_word' id='word_1_29' title='bbox 822 939 914 1002; x_wconf 91' lang='lat' dir='ltr'>unde</span> <span class='ocrx_word' id='word_1_30' title='bbox 929 959 991 1002; x_wconf 85' lang='lat' dir='ltr'>rex</span> <span class='ocrx_word' id='word_1_31' title='bbox 1007 941 1042 1002; x_wconf 92' lang='lat' dir='ltr'>in</span> 
     </span>
     <span class='ocr_line' id='line_1_6' title="bbox 96 1037 1043 1119; baseline 0.003 -20"><span class='ocrx_word' id='word_1_32' title='bbox 96 1037 182 1099; x_wconf 90' lang='lat' dir='ltr'>iram</span> <span class='ocrx_word' id='word_1_33' title='bbox 205 1046 410 1112; x_wconf 87' lang='lat' dir='ltr'>commotus,</span> <span class='ocrx_word' id='word_1_34' title='bbox 433 1037 468 1098; x_wconf 92' lang='lat' dir='ltr'>in</span> <span class='ocrx_word' id='word_1_35' title='bbox 491 1037 657 1100; x_wconf 91' lang='lat' dir='ltr'>ultionem</span> <span class='ocrx_word' id='word_1_36' title='bbox 683 1043 789 1099; x_wconf 84' lang='lat' dir='ltr'>tantae</span> <span class='ocrx_word' id='word_1_37' title='bbox 820 1041 1043 1119; x_wconf 81' lang='lat' dir='ltr'>transgressi·</span> 
     </span>
     <span class='ocr_line' id='line_1_7' title="bbox 97 1130 1044 1219; baseline 0.002 -20"><span class='ocrx_word' id='word_1_38' title='bbox 97 1137 172 1199; x_wconf 81' lang='lat' dir='ltr'>onis</span> <span class='ocrx_word' id='word_1_39' title='bbox 187 1130 331 1200; x_wconf 72' lang='lat' dir='ltr'>²milites</span> <span class='ocrx_word' id='word_1_40' title='bbox 349 1138 490 1200; x_wconf 89' lang='lat' dir='ltr'>mittens</span> <span class='ocrx_word' id='word_1_41' title='bbox 508 1142 672 1210; x_wconf 88' lang='lat' dir='ltr'>armatos,</span> <span class='ocrx_word' id='word_1_42' title='bbox 690 1130 861 1199; x_wconf 84' lang='lat' dir='ltr'>³homines</span> <span class='ocrx_word' id='word_1_43' title='bbox 878 1140 1044 1219; x_wconf 86' lang='lat' dir='ltr'>praecepit</span> 
     </span>
     <span class='ocr_line' id='line_1_8' title="bbox 96 1235 1043 1317; baseline 0.001 -20"><span class='ocrx_word' id='word_1_44' title='bbox 96 1236 255 1312; x_wconf 83' lang='lat' dir='ltr'>interimi,</span> <span class='ocrx_word' id='word_1_45' title='bbox 282 1236 458 1299; x_wconf 89' lang='lat' dir='ltr'>civitatem</span> <span class='ocrx_word' id='word_1_46' title='bbox 482 1235 666 1317; x_wconf 84' lang='lat' dir='ltr'>spoliatam</span> <span class='ocrx_word' id='word_1_47' title='bbox 693 1236 845 1299; x_wconf 90' lang='lat' dir='ltr'>comburi</span> <span class='ocrx_word' id='word_1_48' title='bbox 870 1244 905 1299; x_wconf 91' lang='lat' dir='ltr'>et</span> <span class='ocrx_word' id='word_1_49' title='bbox 934 1244 1043 1300; x_wconf 88' lang='lat' dir='ltr'>tetam</span> 
     </span>
     <span class='ocr_line' id='line_1_9' title="bbox 96 1332 1045 1416; baseline 0.001 -19"><span class='ocrx_word' id='word_1_50' title='bbox 96 1336 309 1416; x_wconf 81' lang='lat' dir='ltr'>provinciam</span> <span class='ocrx_word' id='word_1_51' title='bbox 326 1336 524 1412; x_wconf 80' lang='lat' dir='ltr'>devastari3</span> <span class='ocrx_word' id='word_1_52' title='bbox 548 1332 640 1416; x_wconf 89' lang='lat' dir='ltr'>quod</span> <span class='ocrx_word' id='word_1_53' title='bbox 664 1352 741 1397; x_wconf 92' lang='lat' dir='ltr'>cum</span> <span class='ocrx_word' id='word_1_54' title='bbox 758 1334 889 1398; x_wconf 85' lang='lat' dir='ltr'>sactum</span> <span class='ocrx_word' id='word_1_55' title='bbox 912 1335 1045 1412; x_wconf 89' lang='lat' dir='ltr'>fuisset,</span> 
     </span>
     <span class='ocr_line' id='line_1_10' title="bbox 96 1434 1045 1517; baseline 0.002 -21"><span class='ocrx_word' id='word_1_56' title='bbox 96 1453 172 1497; x_wconf 93' lang='lat' dir='ltr'>cum</span> <span class='ocrx_word' id='word_1_57' title='bbox 190 1435 308 1517; x_wconf 83' lang='lat' dir='ltr'>praeda</span> <span class='ocrx_word' id='word_1_58' title='bbox 323 1435 477 1498; x_wconf 86' lang='lat' dir='ltr'>maxima</span> <span class='ocrx_word' id='word_1_59' title='bbox 492 1434 621 1498; x_wconf 86' lang='lat' dir='ltr'>reversi</span> <span class='ocrx_word' id='word_1_60' title='bbox 639 1441 721 1497; x_wconf 93' lang='lat' dir='ltr'>sunt</span> <span class='ocrx_word' id='word_1_61' title='bbox 738 1434 781 1496; x_wconf 91' lang='lat' dir='ltr'>ad</span> <span class='ocrx_word' id='word_1_62' title='bbox 798 1453 926 1515; x_wconf 79' lang='lat' dir='ltr'>regem,</span> <span class='ocrx_word' id='word_1_63' title='bbox 943 1442 977 1497; x_wconf 91' lang='lat' dir='ltr'>et</span> <span class='ocrx_word' id='word_1_64' title='bbox 995 1436 1045 1498; x_wconf 87' lang='lat' dir='ltr'>sic</span> 
     </span>
     <span class='ocr_line' id='line_1_11' title="bbox 97 1527 1046 1616; baseline 0.001 -21"><span class='ocrx_word' id='word_1_65' title='bbox 97 1533 172 1615; x_wconf 90' lang='lat' dir='ltr'>ejus</span> <span class='ocrx_word' id='word_1_66' title='bbox 197 1535 250 1597; x_wconf 92' lang='lat' dir='ltr'>ira</span> <span class='ocrx_word' id='word_1_67' title='bbox 273 1553 337 1616; x_wconf 88' lang='lat' dir='ltr'>pro</span> <span class='ocrx_word' id='word_1_68' title='bbox 360 1541 460 1616; x_wconf 86' lang='lat' dir='ltr'>parte</span> <span class='ocrx_word' id='word_1_69' title='bbox 477 1534 621 1614; x_wconf 87' lang='lat' dir='ltr'>quievit.</span> <span class='ocrx_word' id='word_1_70' title='bbox 673 1527 823 1596; x_wconf 79' lang='lat' dir='ltr'>⁴Eodem</span> <span class='ocrx_word' id='word_1_71' title='bbox 843 1552 933 1597; x_wconf 90' lang='lat' dir='ltr'>anno</span> <span class='ocrx_word' id='word_1_72' title='bbox 952 1533 1046 1597; x_wconf 90' lang='lat' dir='ltr'>Ead-</span> 
     </span>
     <span class='ocr_line' id='line_1_12' title="bbox 97 1631 1046 1714; baseline 0.001 -19"><span class='ocrx_word' id='word_1_73' title='bbox 97 1633 247 1708; x_wconf 85' lang='lat' dir='ltr'>wardus,</span> <span class='ocrx_word' id='word_1_74' title='bbox 270 1633 378 1697; x_wconf 84' lang='lat' dir='ltr'>l&#39;rater</span> <span class='ocrx_word' id='word_1_75' title='bbox 398 1634 490 1714; x_wconf 86' lang='lat' dir='ltr'>regis</span> <span class='ocrx_word' id='word_1_76' title='bbox 522 1631 740 1696; x_wconf 91' lang='lat' dir='ltr'>Hardecnuti</span> <span class='ocrx_word' id='word_1_77' title='bbox 769 1641 804 1695; x_wconf 92' lang='lat' dir='ltr'>et</span> <span class='ocrx_word' id='word_1_78' title='bbox 830 1632 921 1695; x_wconf 90' lang='lat' dir='ltr'>filius</span> <span class='ocrx_word' id='word_1_79' title='bbox 953 1634 1046 1714; x_wconf 80' lang='lat' dir='ltr'>regis</span> 
     </span>
     <span class='ocr_line' id='line_1_13' title="bbox 98 1731 1045 1813; baseline 0.001 -19"><span class='ocrx_word' id='word_1_80' title='bbox 98 1731 286 1809; x_wconf 84' lang='lat' dir='ltr'>Ethelredi,</span> <span class='ocrx_word' id='word_1_81' title='bbox 307 1753 352 1796; x_wconf 86' lang='lat' dir='ltr'>ex</span> <span class='ocrx_word' id='word_1_82' title='bbox 371 1732 590 1796; x_wconf 89' lang='lat' dir='ltr'>Normannia</span> <span class='ocrx_word' id='word_1_83' title='bbox 611 1734 648 1794; x_wconf 94' lang='lat' dir='ltr'>in</span> <span class='ocrx_word' id='word_1_84' title='bbox 662 1732 826 1813; x_wconf 82' lang='lat' dir='ltr'>Angliam</span> <span class='ocrx_word' id='word_1_85' title='bbox 843 1733 997 1809; x_wconf 89' lang='lat' dir='ltr'>veniens,</span> <span class='ocrx_word' id='word_1_86' title='bbox 1024 1753 1045 1795; x_wconf 93' lang='lat' dir='ltr'>a</span> 
     </span>
     <span class='ocr_line' id='line_1_14' title="bbox 99 1831 1046 1913; baseline 0.003 -21"><span class='ocrx_word' id='word_1_87' title='bbox 99 1850 180 1912; x_wconf 85' lang='lat' dir='ltr'>rege</span> <span class='ocrx_word' id='word_1_88' title='bbox 207 1839 387 1913; x_wconf 82' lang='lat' dir='ltr'>gratanter</span> <span class='ocrx_word' id='word_1_89' title='bbox 414 1839 596 1912; x_wconf 88' lang='lat' dir='ltr'>susceptus</span> <span class='ocrx_word' id='word_1_90' title='bbox 620 1840 685 1908; x_wconf 87' lang='lat' dir='ltr'>est,</span> <span class='ocrx_word' id='word_1_91' title='bbox 709 1840 744 1896; x_wconf 92' lang='lat' dir='ltr'>et</span> <span class='ocrx_word' id='word_1_92' title='bbox 769 1851 847 1894; x_wconf 92' lang='lat' dir='ltr'>cum</span> <span class='ocrx_word' id='word_1_93' title='bbox 874 1831 985 1912; x_wconf 80' lang='lat' dir='ltr'>gloria</span> <span class='ocrx_word' id='word_1_94' title='bbox 1012 1839 1046 1895; x_wconf 93' lang='lat' dir='ltr'>et</span> 
     </span>
     <span class='ocr_line' id='line_1_15' title="bbox 96 1929 980 2012; baseline 0.003 -21"><span class='ocrx_word' id='word_1_95' title='bbox 96 1929 225 1994; x_wconf 91' lang='lat' dir='ltr'>honore</span> <span class='ocrx_word' id='word_1_96' title='bbox 238 1932 274 1994; x_wconf 93' lang='lat' dir='ltr'>in</span> <span class='ocrx_word' id='word_1_97' title='bbox 289 1932 386 1994; x_wconf 89' lang='lat' dir='ltr'>curia</span> <span class='ocrx_word' id='word_1_98' title='bbox 404 1931 533 2008; x_wconf 82' lang='lat' dir='ltr'>fratris,</span> <span class='ocrx_word' id='word_1_99' title='bbox 551 1931 665 2012; x_wconf 92' lang='lat' dir='ltr'>quoad</span> <span class='ocrx_word' id='word_1_100' title='bbox 684 1931 786 2007; x_wconf 84' lang='lat' dir='ltr'>vixit,</span> <span class='ocrx_word' id='word_1_101' title='bbox 803 1933 980 1994; x_wconf 86' lang='lat' dir='ltr'>remansit.</span> 
     </span>
    </p>
   </div>
   <div class='ocr_carea' id='block_1_3' title="bbox 144 2103 1000 2189">
    <p class='ocr_par' dir='ltr' id='par_1_3' title="bbox 144 2103 1000 2189">
     <span class='ocr_line' id='line_1_16' title="bbox 144 2103 1000 2189; baseline -0.001 -21"><span class='ocrx_word' id='word_1_102' title='bbox 144 2106 233 2184; x_wconf 77' lang='lat' dir='ltr'>Quod</span> <span class='ocrx_word' id='word_1_103' title='bbox 247 2126 334 2170; x_wconf 75' lang='lat' dir='ltr'>soror</span> <span class='ocrx_word' id='word_1_104' title='bbox 348 2104 428 2189; x_wconf 72' lang='lat' dir='ltr'>repit</span> <span class='ocrx_word' id='word_1_105' title='bbox 442 2103 617 2187; x_wconf 61' lang='lat' dir='ltr'>singulorum</span> <span class='ocrx_word' id='word_1_106' title='bbox 632 2104 814 2188; x_wconf 80' lang='lat' dir='ltr'>imperatori</span> <span class='ocrx_word' id='word_1_107' title='bbox 828 2103 1000 2187; x_wconf 80' lang='lat' dir='ltr'>copulatur.</span> 
     </span>
    </p>
   </div>
   <div class='ocr_carea' id='block_1_4' title="bbox 148 2225 1196 2334">
    <p class='ocr_par' dir='ltr' id='par_1_4' title="bbox 148 2225 1196 2334">
     <span class='ocr_line' id='line_1_17' title="bbox 148 2225 1196 2334; baseline -0.006 -44"><span class='ocrx_word' id='word_1_108' title='bbox 148 2227 218 2291; x_wconf 91' lang='lat' dir='ltr'>Per</span> <span class='ocrx_word' id='word_1_109' title='bbox 241 2227 330 2290; x_wconf 91' lang='lat' dir='ltr'>idem</span> <span class='ocrx_word' id='word_1_110' title='bbox 353 2235 489 2307; x_wconf 89' lang='lat' dir='ltr'>tempus</span> <span class='ocrx_word' id='word_1_111' title='bbox 507 2245 569 2288; x_wconf 83' lang='lat' dir='ltr'>rex</span> <span class='ocrx_word' id='word_1_112' title='bbox 586 2225 780 2306; x_wconf 82' lang='lat' dir='ltr'>Anglorum</span> <span class='ocrx_word' id='word_1_113' title='bbox 798 2225 1046 2290; x_wconf 89' lang='lat' dir='ltr'>Hardecnutus</span> <span class='ocrx_word' id='word_1_114' title='bbox 1058 2244 1196 2334; x_wconf 54' lang='lat' dir='ltr'>fflfflffi⁰¹</span> 
     </span>
    </p>
   </div>
   <div class='ocr_carea' id='block_1_5' title="bbox 98 2321 1157 2507">
    <p class='ocr_par' dir='ltr' id='par_1_5' title="bbox 98 2321 1157 2507">
     <span class='ocr_line' id='line_1_18' title="bbox 99 2321 1157 2406; baseline -0.009 -14"><span class='ocrx_word' id='word_1_115' title='bbox 99 2321 312 2403; x_wconf 85' lang='lat' dir='ltr'>Gunildam,⁵</span> <span class='ocrx_word' id='word_1_116' title='bbox 338 2345 490 2389; x_wconf 90' lang='lat' dir='ltr'>sororem</span> <span class='ocrx_word' id='word_1_117' title='bbox 517 2344 617 2388; x_wconf 88' lang='lat' dir='ltr'>suam</span> <span class='ocrx_word' id='word_1_118' title='bbox 644 2344 690 2388; x_wconf 85' lang='lat' dir='ltr'>ex</span> <span class='ocrx_word' id='word_1_119' title='bbox 714 2345 795 2406; x_wconf 78' lang='lat' dir='ltr'>rege</span> <span class='ocrx_word' id='word_1_120' title='bbox 822 2325 982 2390; x_wconf 89' lang='lat' dir='ltr'>Cnutone</span> <span class='ocrx_word' id='word_1_121' title='bbox 1012 2335 1047 2390; x_wconf 92' lang='lat' dir='ltr'>et</span> <span class='ocrx_word' id='word_1_122' title='bbox 1059 2345 1157 2384; x_wconf 69' lang='lat' dir='ltr'>cuiun.</span> 
     </span>
     <span class='ocr_line' id='line_1_19' title="bbox 98 2418 1047 2507; baseline -0.001 -17"><span class='ocrx_word' id='word_1_123' title='bbox 98 2427 222 2490; x_wconf 88' lang='lat' dir='ltr'>Emma</span> <span class='ocrx_word' id='word_1_124' title='bbox 254 2426 376 2506; x_wconf 83' lang='lat' dir='ltr'>regina</span> <span class='ocrx_word' id='word_1_125' title='bbox 408 2432 621 2506; x_wconf 84' lang='lat' dir='ltr'>generatam,</span> <span class='ocrx_word' id='word_1_126' title='bbox 643 2418 817 2488; x_wconf 83' lang='lat' dir='ltr'>⁶Henrico</span> <span class='ocrx_word' id='word_1_127' title='bbox 848 2425 1047 2507; x_wconf 87' lang='lat' dir='ltr'>imperatori</span> 
     </span>
    </p>
   </div>
   <div class='ocr_carea' id='block_1_6' title="bbox 98 2523 1049 3202">
    <p class='ocr_par' dir='ltr' id='par_1_6' title="bbox 98 2523 1049 3202">
     <span class='ocr_line' id='line_1_20' title="bbox 99 2523 1048 2606; baseline 0 -17"><span class='ocrx_word' id='word_1_128' title='bbox 99 2526 259 2590; x_wconf 82' lang='lat' dir='ltr'>Romano</span> <span class='ocrx_word' id='word_1_129' title='bbox 273 2525 493 2588; x_wconf 90' lang='lat' dir='ltr'>matrimonio</span> <span class='ocrx_word' id='word_1_130' title='bbox 509 2523 698 2606; x_wconf 88' lang='lat' dir='ltr'>copulavit.</span> <span class='ocrx_word' id='word_1_131' title='bbox 740 2523 826 2587; x_wconf 90' lang='lat' dir='ltr'>Erat</span> <span class='ocrx_word' id='word_1_132' title='bbox 841 2533 957 2588; x_wconf 88' lang='lat' dir='ltr'>autem</span> <span class='ocrx_word' id='word_1_133' title='bbox 973 2525 1048 2590; x_wconf 88' lang='lat' dir='ltr'>haec</span> 
     </span>
     <span class='ocr_line' id='line_1_21' title="bbox 98 2623 1049 2708; baseline 0.002 -21"><span class='ocrx_word' id='word_1_134' title='bbox 98 2624 216 2707; x_wconf 89' lang='lat' dir='ltr'>puella</span> <span class='ocrx_word' id='word_1_135' title='bbox 240 2625 452 2706; x_wconf 85' lang='lat' dir='ltr'>temporibus</span> <span class='ocrx_word' id='word_1_136' title='bbox 475 2625 585 2706; x_wconf 89' lang='lat' dir='ltr'>patris</span> <span class='ocrx_word' id='word_1_137' title='bbox 609 2623 676 2701; x_wconf 92' lang='lat' dir='ltr'>sui,</span> <span class='ocrx_word' id='word_1_138' title='bbox 689 2631 830 2706; x_wconf 89' lang='lat' dir='ltr'>propter</span> <span class='ocrx_word' id='word_1_139' title='bbox 849 2625 926 2708; x_wconf 89' lang='lat' dir='ltr'>ejus</span> <span class='ocrx_word' id='word_1_140' title='bbox 947 2625 1049 2689; x_wconf 92' lang='lat' dir='ltr'>deco-</span> 
     </span>
     <span class='ocr_line' id='line_1_22' title="bbox 99 2724 1047 2808; baseline 0.002 -22"><span class='ocrx_word' id='word_1_141' title='bbox 99 2743 171 2787; x_wconf 89' lang='lat' dir='ltr'>rem</span> <span class='ocrx_word' id='word_1_142' title='bbox 193 2724 507 2805; x_wconf 90' lang='lat' dir='ltr'>incomparabilem,</span> <span class='ocrx_word' id='word_1_143' title='bbox 525 2743 548 2787; x_wconf 91' lang='lat' dir='ltr'>a</span> <span class='ocrx_word' id='word_1_144' title='bbox 562 2724 681 2788; x_wconf 90' lang='lat' dir='ltr'>multis</span> <span class='ocrx_word' id='word_1_145' title='bbox 696 2725 780 2788; x_wconf 85' lang='lat' dir='ltr'>viris</span> <span class='ocrx_word' id='word_1_146' title='bbox 798 2724 970 2789; x_wconf 86' lang='lat' dir='ltr'>nobilibus</span> <span class='ocrx_word' id='word_1_147' title='bbox 988 2744 1047 2808; x_wconf 87' lang='lat' dir='ltr'>pe-</span> 
     </span>
     <span class='ocr_line' id='line_1_23' title="bbox 99 2823 1049 2905; baseline 0.001 -19"><span class='ocrx_word' id='word_1_148' title='bbox 99 2823 176 2898; x_wconf 89' lang='lat' dir='ltr'>tita,</span> <span class='ocrx_word' id='word_1_149' title='bbox 190 2823 249 2886; x_wconf 88' lang='lat' dir='ltr'>sed</span> <span class='ocrx_word' id='word_1_150' title='bbox 267 2843 337 2886; x_wconf 92' lang='lat' dir='ltr'>non</span> <span class='ocrx_word' id='word_1_151' title='bbox 350 2823 558 2905; x_wconf 81' lang='lat' dir='ltr'>impetrata3</span> <span class='ocrx_word' id='word_1_152' title='bbox 582 2824 672 2886; x_wconf 90' lang='lat' dir='ltr'>unde</span> <span class='ocrx_word' id='word_1_153' title='bbox 692 2843 783 2886; x_wconf 88' lang='lat' dir='ltr'>nunc</span> <span class='ocrx_word' id='word_1_154' title='bbox 801 2824 888 2887; x_wconf 87' lang='lat' dir='ltr'>adeo</span> <span class='ocrx_word' id='word_1_155' title='bbox 905 2825 1049 2887; x_wconf 91' lang='lat' dir='ltr'>celebris</span> 
     </span>
     <span class='ocr_line' id='line_1_24' title="bbox 99 2922 1049 3006; baseline 0 -21"><span class='ocrx_word' id='word_1_156' title='bbox 99 2931 175 2987; x_wconf 89' lang='lat' dir='ltr'>erat</span> <span class='ocrx_word' id='word_1_157' title='bbox 189 2923 283 2986; x_wconf 89' lang='lat' dir='ltr'>illius</span> <span class='ocrx_word' id='word_1_158' title='bbox 308 2942 435 3005; x_wconf 89' lang='lat' dir='ltr'>pompa</span> <span class='ocrx_word' id='word_1_159' title='bbox 459 2923 636 3002; x_wconf 88' lang='lat' dir='ltr'>nuptialis,</span> <span class='ocrx_word' id='word_1_160' title='bbox 654 2922 745 3003; x_wconf 92' lang='lat' dir='ltr'>quod</span> <span class='ocrx_word' id='word_1_161' title='bbox 762 2943 826 2985; x_wconf 84' lang='lat' dir='ltr'>rex</span> <span class='ocrx_word' id='word_1_162' title='bbox 843 2922 951 2986; x_wconf 86' lang='lat' dir='ltr'>frater</span> <span class='ocrx_word' id='word_1_163' title='bbox 972 2924 1049 3006; x_wconf 92' lang='lat' dir='ltr'>ejus</span> 
     </span>
     <span class='ocr_line' id='line_1_25' title="bbox 101 3020 1049 3102; baseline 0 -18"><span class='ocrx_word' id='word_1_164' title='bbox 101 3029 136 3084; x_wconf 90' lang='lat' dir='ltr'>et</span> <span class='ocrx_word' id='word_1_165' title='bbox 149 3041 267 3085; x_wconf 89' lang='lat' dir='ltr'>omncs</span> <span class='ocrx_word' id='word_1_166' title='bbox 286 3023 384 3102; x_wconf 84' lang='lat' dir='ltr'>regni</span> <span class='ocrx_word' id='word_1_167' title='bbox 406 3020 619 3084; x_wconf 87' lang='lat' dir='ltr'>habitatores</span> <span class='ocrx_word' id='word_1_168' title='bbox 646 3020 827 3084; x_wconf 84' lang='lat' dir='ltr'>thesauros</span> <span class='ocrx_word' id='word_1_169' title='bbox 849 3022 923 3083; x_wconf 89' lang='lat' dir='ltr'>auri</span> <span class='ocrx_word' id='word_1_170' title='bbox 941 3029 977 3084; x_wconf 88' lang='lat' dir='ltr'>et</span> <span class='ocrx_word' id='word_1_171' title='bbox 992 3041 1049 3084; x_wconf 90' lang='lat' dir='ltr'>ar·</span> 
     </span>
     <span class='ocr_line' id='line_1_26' title="bbox 101 3119 1048 3202; baseline -0.003 -17"><span class='ocrx_word' id='word_1_172' title='bbox 101 3123 209 3202; x_wconf 83' lang='lat' dir='ltr'>genti,</span> <span class='ocrx_word' id='word_1_173' title='bbox 227 3140 305 3185; x_wconf 92' lang='lat' dir='ltr'>cum</span> <span class='ocrx_word' id='word_1_174' title='bbox 332 3121 457 3202; x_wconf 88' lang='lat' dir='ltr'>pannis</span> <span class='ocrx_word' id='word_1_175' title='bbox 480 3119 611 3195; x_wconf 89' lang='lat' dir='ltr'>sericis,</span> <span class='ocrx_word' id='word_1_176' title='bbox 626 3120 771 3199; x_wconf 80' lang='lat' dir='ltr'>gemmis</span> <span class='ocrx_word' id='word_1_177' title='bbox 790 3126 825 3181; x_wconf 91' lang='lat' dir='ltr'>ct</span> <span class='ocrx_word' id='word_1_178' title='bbox 848 3120 945 3201; x_wconf 88' lang='lat' dir='ltr'>equis</span> <span class='ocrx_word' id='word_1_179' title='bbox 971 3139 1048 3201; x_wconf 92' lang='lat' dir='ltr'>pre·</span> 
     </span>
    </p>
   </div>
   <div class='ocr_carea' id='block_1_7' title="bbox 97 3345 1142 4315">
    <p class='ocr_par' dir='ltr' id='par_1_7' title="bbox 98 3345 1050 3620">
     <span class='ocr_line' id='line_1_27' title="bbox 133 3345 1050 3417; baseline 0.001 -19"><span class='ocrx_word' id='word_1_180' title='bbox 133 3349 142 3380; x_wconf 94' lang='lat'>¹</span> <span class='ocrx_word' id='word_1_181' title='bbox 154 3345 247 3417; x_wconf 64' lang='lat' dir='ltr'>Duae]</span> <span class='ocrx_word' id='word_1_182' title='bbox 265 3349 381 3397; x_wconf 84' lang='lat' dir='ltr'>‘Faedes</span> <span class='ocrx_word' id='word_1_183' title='bbox 397 3355 423 3397; x_wconf 88' lang='lat' dir='ltr'>et</span> <span class='ocrx_word' id='word_1_184' title='bbox 440 3349 563 3398; x_wconf 86' lang='lat' dir='ltr'>Thursta-</span> <span class='ocrx_word' id='word_1_185' title='bbox 587 3362 656 3409; x_wconf 79' lang='lat' dir='ltr'>zeno,</span> <span class='ocrx_word' id='word_1_186' title='bbox 667 3347 760 3411; x_wconf 79' lang='lat' dir='ltr'>having</span> <span class='ocrx_word' id='word_1_187' title='bbox 770 3348 885 3410; x_wconf 79' lang='lat' dir='ltr'>warning</span> <span class='ocrx_word' id='word_1_188' title='bbox 896 3350 925 3398; x_wconf 84' lang='lat' dir='ltr'>oi</span> <span class='ocrx_word' id='word_1_189' title='bbox 932 3350 975 3398; x_wconf 90' lang='lat' dir='ltr'>the</span> <span class='ocrx_word' id='word_1_190' title='bbox 987 3350 1050 3399; x_wconf 89' lang='lat' dir='ltr'>dan·</span> 
     </span>
     <span class='ocr_line' id='line_1_28' title="bbox 99 3416 1050 3481; baseline -0.001 -11"><span class='ocrx_word' id='word_1_191' title='bbox 99 3416 183 3480; x_wconf 77' lang='lat' dir='ltr'>num3’</span> <span class='ocrx_word' id='word_1_192' title='bbox 205 3420 272 3468; x_wconf 89' lang='lat' dir='ltr'>Flor.</span> <span class='ocrx_word' id='word_1_193' title='bbox 287 3418 346 3466; x_wconf 86' lang='lat' dir='ltr'>who</span> <span class='ocrx_word' id='word_1_194' title='bbox 362 3420 416 3467; x_wconf 82' lang='lat' dir='ltr'>also</span> <span class='ocrx_word' id='word_1_195' title='bbox 433 3422 504 3481; x_wconf 76' lang='lat' dir='ltr'>gives</span> <span class='ocrx_word' id='word_1_196' title='bbox 519 3420 562 3468; x_wconf 88' lang='lat' dir='ltr'>the</span> <span class='ocrx_word' id='word_1_197' title='bbox 588 3433 641 3480; x_wconf 80' lang='lat' dir='ltr'>ger,</span> <span class='ocrx_word' id='word_1_198' title='bbox 652 3418 701 3465; x_wconf 85' lang='lat' dir='ltr'>lled</span> <span class='ocrx_word' id='word_1_199' title='bbox 712 3423 780 3466; x_wconf 87' lang='lat' dir='ltr'>toan</span> <span class='ocrx_word' id='word_1_200' title='bbox 798 3418 881 3466; x_wconf 82' lang='lat' dir='ltr'>island</span> <span class='ocrx_word' id='word_1_201' title='bbox 898 3435 929 3467; x_wconf 94' lang='lat' dir='ltr'>on</span> <span class='ocrx_word' id='word_1_202' title='bbox 946 3420 988 3468; x_wconf 91' lang='lat' dir='ltr'>the</span> <span class='ocrx_word' id='word_1_203' title='bbox 1005 3421 1050 3469; x_wconf 86' lang='lat' dir='ltr'>Se·</span> 
     </span>
     <span class='ocr_line' id='line_1_29' title="bbox 99 3487 1048 3553; baseline -0.001 -14"><span class='ocrx_word' id='word_1_204' title='bbox 99 3491 251 3553; x_wconf 86' lang='lat' dir='ltr'>particulam</span> <span class='ocrx_word' id='word_1_205' title='bbox 285 3488 315 3535; x_wconf 82' lang='lat' dir='ltr'>oi</span> <span class='ocrx_word' id='word_1_206' title='bbox 346 3488 388 3536; x_wconf 87' lang='lat' dir='ltr'>the</span> <span class='ocrx_word' id='word_1_207' title='bbox 418 3502 561 3552; x_wconf 74' lang='lat' dir='ltr'>veugeance</span> <span class='ocrx_word' id='word_1_208' title='bbox 587 3502 656 3548; x_wconf 84' lang='lat' dir='ltr'>veru,</span> <span class='ocrx_word' id='word_1_209' title='bbox 674 3487 755 3535; x_wconf 86' lang='lat' dir='ltr'>called</span> <span class='ocrx_word' id='word_1_210' title='bbox 778 3488 943 3550; x_wconf 77' lang='lat' dir='ltr'>‘Beverege,&#39;</span> <span class='ocrx_word' id='word_1_211' title='bbox 964 3490 1048 3538; x_wconf 85' lang='lat' dir='ltr'>where</span> 
     </span>
     <span class='ocr_line' id='line_1_30' title="bbox 98 3555 1047 3620; baseline -0.001 -12"><span class='ocrx_word' id='word_1_212' title='bbox 98 3561 176 3609; x_wconf 83' lang='lat' dir='ltr'>taken</span> <span class='ocrx_word' id='word_1_213' title='bbox 188 3561 221 3620; x_wconf 82' lang='lat' dir='ltr'>by</span> <span class='ocrx_word' id='word_1_214' title='bbox 233 3558 393 3607; x_wconf 89' lang='lat' dir='ltr'>Hardacnnt.</span> <span class='ocrx_word' id='word_1_215' title='bbox 586 3555 646 3618; x_wconf 84' lang='lat' dir='ltr'>they</span> <span class='ocrx_word' id='word_1_216' title='bbox 673 3572 741 3605; x_wconf 85' lang='lat' dir='ltr'>were</span> <span class='ocrx_word' id='word_1_217' title='bbox 769 3559 920 3619; x_wconf 81' lang='lat' dir='ltr'>protected3</span> <span class='ocrx_word' id='word_1_218' title='bbox 949 3574 981 3606; x_wconf 90' lang='lat' dir='ltr'>on</span> <span class='ocrx_word' id='word_1_219' title='bbox 1005 3558 1047 3607; x_wconf 86' lang='lat' dir='ltr'>the</span> 
     </span>
    </p>

    <p class='ocr_par' dir='ltr' id='par_1_8' title="bbox 97 3626 1142 4038">
     <span class='ocr_line' id='line_1_31' title="bbox 136 3626 1001 3691; baseline -0.001 -14"><span class='ocrx_word' id='word_1_220' title='bbox 136 3627 276 3691; x_wconf 75' lang='lat' dir='ltr'>&#39;Milites.]</span> <span class='ocrx_word' id='word_1_221' title='bbox 292 3627 422 3676; x_wconf 81' lang='lat' dir='ltr'>‘Thumm</span> <span class='ocrx_word' id='word_1_222' title='bbox 441 3627 562 3676; x_wconf 87' lang='lat' dir='ltr'>Mediter·</span> <span class='ocrx_word' id='word_1_223' title='bbox 586 3626 641 3675; x_wconf 82' lang='lat' dir='ltr'>tiith</span> <span class='ocrx_word' id='word_1_224' title='bbox 653 3626 704 3687; x_wconf 78' lang='lat' dir='ltr'>day</span> <span class='ocrx_word' id='word_1_225' title='bbox 714 3627 756 3675; x_wconf 88' lang='lat' dir='ltr'>the</span> <span class='ocrx_word' id='word_1_226' title='bbox 767 3626 819 3688; x_wconf 80' lang='lat' dir='ltr'>city</span> <span class='ocrx_word' id='word_1_227' title='bbox 830 3641 885 3675; x_wconf 86' lang='lat' dir='ltr'>was</span> <span class='ocrx_word' id='word_1_228' title='bbox 896 3627 1001 3676; x_wconf 89' lang='lat' dir='ltr'>burned.</span> 
     </span>
     <span class='ocr_line' id='line_1_32' title="bbox 97 3691 1048 3763; baseline -0.005 -13"><span class='ocrx_word' id='word_1_229' title='bbox 97 3698 389 3760; x_wconf 82' lang='lat' dir='ltr'>raneomm,Leosrieum</span> <span class='ocrx_word' id='word_1_230' title='bbox 398 3697 560 3757; x_wconf 88' lang='lat' dir='ltr'>Mereiorum,</span> <span class='ocrx_word' id='word_1_231' title='bbox 621 3693 733 3745; x_wconf 82' lang='lat' dir='ltr'>⁴Eodem</span> <span class='ocrx_word' id='word_1_232' title='bbox 751 3691 835 3763; x_wconf 82' lang='lat' dir='ltr'>uuna]</span> <span class='ocrx_word' id='word_1_233' title='bbox 856 3698 889 3744; x_wconf 89' lang='lat' dir='ltr'>So</span> <span class='ocrx_word' id='word_1_234' title='bbox 909 3698 1048 3757; x_wconf 85' lang='lat' dir='ltr'>Florence;</span> 
     </span>
     <span class='ocr_line' id='line_1_33' title="bbox 98 3765 1142 3828; baseline -0.003 -10"><span class='ocrx_word' id='word_1_235' title='bbox 98 3769 253 3818; x_wconf 86' lang='lat' dir='ltr'>Godwinnrn</span> <span class='ocrx_word' id='word_1_236' title='bbox 281 3768 496 3828; x_wconf 61' lang='lat' dir='ltr'>liestmonam,</span> <span class='ocrx_word' id='word_1_237' title='bbox 523 3768 562 3815; x_wconf 88' lang='lat' dir='ltr'>si·</span> <span class='ocrx_word' id='word_1_238' title='bbox 586 3765 628 3814; x_wconf 89' lang='lat' dir='ltr'>the</span> <span class='ocrx_word' id='word_1_239' title='bbox 639 3766 802 3816; x_wconf 64' lang='lat' dir='ltr'>Samchmn.</span> <span class='ocrx_word' id='word_1_240' title='bbox 810 3767 896 3827; x_wconf 88' lang='lat' dir='ltr'>places</span> <span class='ocrx_word' id='word_1_241' title='bbox 905 3767 944 3816; x_wconf 85' lang='lat' dir='ltr'>his</span> <span class='ocrx_word' id='word_1_242' title='bbox 956 3768 1048 3817; x_wconf 83' lang='lat' dir='ltr'>arrival</span> <span class='ocrx_word' id='word_1_243' title='bbox 1139 3765 1142 3768; x_wconf 85' lang='grc'><strong>’</strong></span> 
     </span>
     <span class='ocr_line' id='line_1_34' title="bbox 97 3836 875 3897; baseline -0.003 -11"><span class='ocrx_word' id='word_1_244' title='bbox 97 3839 212 3887; x_wconf 86' lang='lat' dir='ltr'>wardum</span> <span class='ocrx_word' id='word_1_245' title='bbox 246 3838 476 3897; x_wconf 89' lang='lat' dir='ltr'>Northimbrornm,</span> <span class='ocrx_word' id='word_1_246' title='bbox 512 3837 562 3884; x_wconf 82' lang='lat' dir='ltr'>lio·</span> <span class='ocrx_word' id='word_1_247' title='bbox 586 3836 612 3883; x_wconf 91' lang='lat' dir='ltr'>in</span> <span class='ocrx_word' id='word_1_248' title='bbox 623 3836 666 3885; x_wconf 90' lang='lat' dir='ltr'>the</span> <span class='ocrx_word' id='word_1_249' title='bbox 677 3838 795 3897; x_wconf 84' lang='lat' dir='ltr'>previous</span> <span class='ocrx_word' id='word_1_250' title='bbox 805 3851 875 3897; x_wconf 84' lang='lat' dir='ltr'>year.</span> 
     </span>
     <span class='ocr_line' id='line_1_35' title="bbox 98 3901 1050 3974; baseline -0.001 -18"><span class='ocrx_word' id='word_1_251' title='bbox 98 3923 159 3956; x_wconf 89' lang='lat' dir='ltr'>num</span> <span class='ocrx_word' id='word_1_252' title='bbox 176 3908 385 3970; x_wconf 82' lang='lat' dir='ltr'>Magesitensium</span> <span class='ocrx_word' id='word_1_253' title='bbox 398 3910 424 3954; x_wconf 93' lang='lat' dir='ltr'>et</span> <span class='ocrx_word' id='word_1_254' title='bbox 434 3910 538 3955; x_wconf 82' lang='lat' dir='ltr'>eaeteros</span> <span class='ocrx_word' id='word_1_255' title='bbox 547 3901 561 3967; x_wconf 89' lang='lat'>;’</span> <span class='ocrx_word' id='word_1_256' title='bbox 621 3903 782 3969; x_wconf 62' lang='grc' dir='ltr'>ὅ(ἶιυιίίιὶιιηι,</span> <span class='ocrx_word' id='word_1_257' title='bbox 788 3901 974 3974; x_wconf 79' lang='lat' dir='ltr'>sororem.]&#39;l&#39;he</span> <span class='ocrx_word' id='word_1_258' title='bbox 981 3910 1050 3966; x_wconf 79' lang='lat' dir='ltr'>story</span> 
     </span>
     <span class='ocr_line' id='line_1_36' title="bbox 99 3974 1049 4038; baseline -0.002 -13"><span class='ocrx_word' id='word_1_259' title='bbox 99 3978 166 4026; x_wconf 87' lang='lat' dir='ltr'>Flor.</span> <span class='ocrx_word' id='word_1_260' title='bbox 586 3974 716 4038; x_wconf 80' lang='lat' dir='ltr'>following</span> <span class='ocrx_word' id='word_1_261' title='bbox 728 3977 749 4024; x_wconf 85' lang='lat' dir='ltr'>is</span> <span class='ocrx_word' id='word_1_262' title='bbox 761 3977 825 4024; x_wconf 87' lang='lat' dir='ltr'>lrom</span> <span class='ocrx_word' id='word_1_263' title='bbox 843 3977 1012 4037; x_wconf 59' lang='lat' dir='ltr'>manshun,</span> <span class='ocrx_word' id='word_1_264' title='bbox 1023 3991 1049 4036; x_wconf 90' lang='lat' dir='ltr'>p.</span> 
     </span>
    </p>

    <p class='ocr_par' dir='ltr' id='par_1_9' title="bbox 98 4043 1052 4315">
     <span class='ocr_line' id='line_1_37' title="bbox 133 4043 703 4108; baseline 0 -14"><span class='ocrx_word' id='word_1_265' title='bbox 133 4044 144 4076; x_wconf 80' lang='lat'>⁸</span> <span class='ocrx_word' id='word_1_266' title='bbox 156 4045 274 4094; x_wconf 77' lang='lat' dir='ltr'>Homines</span> <span class='ocrx_word' id='word_1_267' title='bbox 290 4045 405 4107; x_wconf 72' lang='lat' dir='ltr'>pracepit</span> <span class='ocrx_word' id='word_1_268' title='bbox 422 4043 561 4108; x_wconf 65' lang='lat' dir='ltr'>interimi]</span> <span class='ocrx_word' id='word_1_269' title='bbox 586 4047 643 4104; x_wconf 78' lang='lat'>³21,</span> <span class='ocrx_word' id='word_1_270' title='bbox 654 4060 703 4107; x_wconf 81' lang='lat' dir='ltr'>seq.</span> 
     </span>
     <span class='ocr_line' id='line_1_38' title="bbox 98 4107 1051 4179; baseline -0.003 -15"><span class='ocrx_word' id='word_1_271' title='bbox 98 4116 151 4165; x_wconf 80' lang='lat' dir='ltr'>&#39;l&#39;he</span> <span class='ocrx_word' id='word_1_272' title='bbox 171 4115 244 4164; x_wconf 85' lang='lat' dir='ltr'>work</span> <span class='ocrx_word' id='word_1_273' title='bbox 262 4115 291 4162; x_wconf 81' lang='lat' dir='ltr'>ot</span> <span class='ocrx_word' id='word_1_274' title='bbox 307 4115 461 4162; x_wconf 80' lang='lat' dir='ltr'>destruction</span> <span class='ocrx_word' id='word_1_275' title='bbox 479 4115 561 4175; x_wconf 79' lang='lat' dir='ltr'>began</span> <span class='ocrx_word' id='word_1_276' title='bbox 620 4110 752 4162; x_wconf 80' lang='lat' dir='ltr'>⁶lienrico</span> <span class='ocrx_word' id='word_1_277' title='bbox 769 4107 933 4179; x_wconf 74' lang='lat' dir='ltr'>imperatori]</span> <span class='ocrx_word' id='word_1_278' title='bbox 961 4113 1051 4172; x_wconf 82' lang='lat' dir='ltr'>Heury</span> 
     </span>
     <span class='ocr_line' id='line_1_39' title="bbox 98 4182 1052 4245; baseline -0.005 -10"><span class='ocrx_word' id='word_1_279' title='bbox 98 4201 131 4235; x_wconf 89' lang='lat' dir='ltr'>on</span> <span class='ocrx_word' id='word_1_280' title='bbox 141 4185 184 4234; x_wconf 87' lang='lat' dir='ltr'>the</span> <span class='ocrx_word' id='word_1_281' title='bbox 196 4183 255 4232; x_wconf 81' lang='lat' dir='ltr'>loth</span> <span class='ocrx_word' id='word_1_282' title='bbox 264 4184 415 4245; x_wconf 87' lang='lat' dir='ltr'>November,</span> <span class='ocrx_word' id='word_1_283' title='bbox 422 4183 472 4231; x_wconf 86' lang='lat' dir='ltr'>aud</span> <span class='ocrx_word' id='word_1_284' title='bbox 480 4183 561 4232; x_wconf 83' lang='lat' dir='ltr'>lasted</span> <span class='ocrx_word' id='word_1_285' title='bbox 586 4183 627 4231; x_wconf 90' lang='lat' dir='ltr'>the</span> <span class='ocrx_word' id='word_1_286' title='bbox 647 4184 724 4245; x_wconf 91' lang='lat' dir='ltr'>third,</span> <span class='ocrx_word' id='word_1_287' title='bbox 735 4198 781 4232; x_wconf 81' lang='lat' dir='ltr'>son</span> <span class='ocrx_word' id='word_1_288' title='bbox 791 4184 821 4231; x_wconf 84' lang='lat' dir='ltr'>oi</span> <span class='ocrx_word' id='word_1_289' title='bbox 830 4183 930 4232; x_wconf 86' lang='lat' dir='ltr'>Conrad</span> <span class='ocrx_word' id='word_1_290' title='bbox 950 4182 992 4230; x_wconf 88' lang='lat' dir='ltr'>the</span> <span class='ocrx_word' id='word_1_291' title='bbox 1011 4196 1052 4230; x_wconf 81' lang='lat' dir='ltr'>se·</span> 
     </span>
     <span class='ocr_line' id='line_1_40' title="bbox 99 4253 658 4315; baseline -0.002 -11"><span class='ocrx_word' id='word_1_292' title='bbox 99 4255 248 4315; x_wconf 80' lang='lat' dir='ltr'>ionrdays3</span> <span class='ocrx_word' id='word_1_293' title='bbox 264 4255 311 4302; x_wconf 91' lang='lat' dir='ltr'>but</span> <span class='ocrx_word' id='word_1_294' title='bbox 326 4259 390 4303; x_wconf 85' lang='lat' dir='ltr'>most</span> <span class='ocrx_word' id='word_1_295' title='bbox 406 4253 435 4303; x_wconf 83' lang='lat' dir='ltr'>of</span> <span class='ocrx_word' id='word_1_296' title='bbox 448 4253 490 4303; x_wconf 85' lang='lat' dir='ltr'>the</span> <span class='ocrx_word' id='word_1_297' title='bbox 508 4254 564 4303; x_wconf 89' lang='lat' dir='ltr'>citi·</span> <span class='ocrx_word' id='word_1_298' title='bbox 585 4253 658 4303; x_wconf 88' lang='lat' dir='ltr'>cond.</span> 
     </span>
    </p>
   </div>
   <div class='ocr_carea' id='block_1_8' title="bbox 0 0 1511 5004">
    <p class='ocr_par' dir='ltr' id='par_1_10' title="bbox 0 0 1511 5004">
     <span class='ocr_line' id='line_1_41' title="bbox 0 0 1511 5004; baseline 0 0"><span class='ocrx_word' id='word_1_299' title='bbox 0 0 1511 5004; x_wconf 95' lang='lat' dir='ltr'> </span> 
     </span>
    </p>
   </div>
  </div>
 </body>
</html>
