3000 5004
340 441 407 509 262
596 454 730 505 nouam
755 455 803 501 nu
826 451 1033 503 wannovna

342 615 468 682 clausit
490 623 696 692 extremum,
717 612 818 699 cujus
842 632 970 696 eorpus
996 611 1089 694 apud
1113 610 1232 676 villam
1256 610 1302 674 de

345 713 539 779 Bedeforda
554 715 721 789 delatum,
736 714 772 777 in
795 712 931 795 capella
945 712 1093 794 quadam
1116 718 1220 775 extra
1242 729 1304 772 ur·

345 815 436 889 bem,
451 833 559 896 supra
576 814 686 896 ripam
702 812 807 877 Uscae
822 812 973 876 fluminis
992 812 1074 888 sita,
1087 829 1184 874 more
1201 810 1302 891 regio

346 913 472 977 dicitur
486 914 593 976 fuisse
614 911 800 994 sepultum.
854 911 976 975 Refert
998 919 1115 975 autem
1136 909 1303 991 usquein

346 1011 550 1077 hodiernum
571 1011 662 1076 diem
687 1011 841 1076 omnium
864 1010 935 1075 fere
957 1007 1304 1094 comprovincialium

347 1111 484 1186 relatio,
512 1110 605 1193 quod
628 1110 764 1192 capella
786 1110 935 1194 praefata
958 1109 1064 1191 longo
1086 1127 1153 1171 usu
1174 1115 1212 1171 et
1227 1107 1305 1171 rio·

348 1210 457 1274 lentia
472 1209 566 1274 illius
582 1210 734 1274 fluminis
756 1209 803 1274 sit
824 1210 1004 1286 subversa,
1018 1214 1124 1291 atque
1145 1206 1222 1290 ejus
1244 1225 1304 1270 ra·

348 1310 513 1391 pacitate‚
542 1329 621 1374 cum
650 1309 728 1391 ipso
755 1308 849 1390 regis
880 1307 1075 1391 sepulchro,
1104 1306 1142 1370 in
1171 1305 1303 1369 flumen

348 1408 592 1491 praecipitata;
625 1407 716 1471 unde
744 1414 780 1471 et
805 1408 976 1489 usquein
1005 1424 1159 1490 praesens
1185 1405 1304 1487 sepul·

349 1507 468 1571 chrum
493 1507 591 1585 illud,
614 1508 659 1571 ab
680 1506 878 1572 bominibus
903 1506 982 1583 loci,
999 1514 1155 1588 tempore
1177 1504 1304 1568 arsuro

349 1605 476 1671 ibidem
504 1606 759 1684 balneantibus,
790 1604 998 1688 quaudoque
1027 1606 1065 1670 iu
1095 1623 1196 1687 aquae
1221 1623 1304 1687 pro·

350 1704 523 1769 funditate
538 1704 677 1770 videtur
695 1724 772 1771 esse
788 1705 1025 1788 conspicuum,
1040 1711 1078 1769 et
1093 1702 1305 1786 quaudoque

350 1801 433 1868 licet
463 1802 726 1885 diligentissime
756 1811 946 1886 quaeratur,
972 1822 1014 1869 ac
1040 1802 1071 1868 si
1099 1821 1156 1867 res
1184 1802 1305 1866 fatalis

351 1910 456 1980 esset,
474 1921 543 1966 non
561 1902 748 1971 invenitur.
799 1902 976 1969 Successit
991 1910 1108 1968 autem
1127 1899 1216 1965 Offae
1230 1903 1307 1983 regi

352 2000 591 2065 strenuissimo
605 2002 641 2064 in
656 2020 801 2083 reguum
820 1995 1002 2084 ¹Egiridus
1017 2000 1109 2066 filius
1126 2000 1215 2084 ejus,
1231 2001 1305 2084 qui,

352 2107 453 2183 patre
468 2100 620 2177 vivente,
633 2100 665 2164 ei
681 2109 957 2184 conregnaverat
972 2101 1074 2167 aunis
1089 2107 1181 2166 octo.
1218 2093 1310 2183 'Eg-

352 2197 462 2262 fridus
484 2219 568 2282 ergo
587 2199 729 2283 juvenis
754 2201 915 2282 egregius
936 2207 972 2265 et
994 2198 1100 2263 animi
1122 2198 1307 2265 nobilitate

352 2298 533 2381 praeditus,
550 2299 710 2381 protinus
723 2318 800 2362 cum
815 2298 939 2364 suisset
953 2299 990 2363 iu
1003 2317 1112 2380 reguo
1124 2297 1309 2363 confirma-

354 2403 424 2474 tus,
441 2391 517 2480 ⁸pia
541 2396 651 2480 patris
671 2396 828 2462 imitatus
848 2398 1009 2480 vestigia,
1033 2395 1187 2462 ccclesiae
1212 2397 1307 2462 beati

353 2493 495 2572 Albani,
504 2494 698 2578 Anglorum
713 2498 990 2580 protomartyris,
1006 2503 1117 2561 terras
1129 2494 1259 2560 multas
1272 2506 1310 2562 et

352 2595 590 2678 possessiones
610 2596 757 2661 devotus
779 2595 938 2673 contulit,
960 2596 1109 2678 illasque
1128 2614 1207 2658 cum
1228 2595 1308 2661 aliis

353 2694 526 2770 omuibus,
544 2712 631 2775 quas
651 2701 751 2777 pater
774 2695 849 2780 ejus
869 2696 1024 2760 ecclesiae
1045 2693 1201 2780 praefatae
1224 2713 1310 2760 con-

354 2792 494 2869 tulerat,
521 2811 600 2856 eum
632 2794 793 2858 omnibus
820 2795 1039 2859 libertatibus
1068 2794 1186 2876 regiis,
1218 2813 1309 2877 quas

353 2890 531 2955 liberiores
549 2891 665 2970 babet,
684 2894 739 2957 vel
761 2894 866 2957 alicui
888 2894 1044 2958 ecclesiae
1066 2893 1223 2956 conferre
1244 2913 1310 2976 po·

354 2997 435 3068 test,
452 3010 516 3055 suo
534 2990 716 3073 privilegio
735 2992 952 3056 confirmavit
973 3001 1008 3057 et
1024 2992 1099 3076 ejus
1113 2991 1309 3071 donationi,

352 3097 391 3154 ut
407 3097 585 3174 perpetuae
602 3089 776 3154 firmitatis
799 3092 906 3155 robur
919 3091 1102 3169 obtineret,
1111 3089 1218 3176 juxta
1232 3111 1309 3158 mo·

353 3208 424 3252 rem
441 3189 595 3254 ecclesia
613 3188 796 3266 Romauae,
811 3192 964 3256 omnium
979 3192 1233 3275 episcoporum,
1248 3210 1309 3257 co-

352 3288 473 3353 mitum
500 3296 536 3352 et
563 3290 731 3353 baronum
754 3290 863 3354 totius
888 3290 1024 3373 imperii
1049 3290 1102 3355 sui
1131 3291 1309 3375 subscrip·

351 3387 479 3452 tionem
503 3395 538 3452 et
560 3389 698 3470 signum
716 3389 827 3453 crucis
844 3389 1018 3472 adposuit.
1070 3388 1118 3454 Et
1133 3397 1309 3472 praeterea

351 3487 474 3568 patris,
497 3487 534 3549 in
557 3489 728 3565 omnibus,
749 3489 975 3572 cupiditatem
998 3479 1189 3567 declinans,
1208 3508 1310 3571 quaa-

351 3604 498 3666 cumque
515 3585 573 3648 ille
591 3585 635 3648 ad
651 3587 898 3652 exaltationem
911 3588 1010 3670 regni
1022 3588 1076 3653 sui
1090 3607 1136 3653 ex
1150 3587 1308 3654 diverso·

351 3701 427 3745 rum
442 3683 719 3764 possessionibus
736 3688 1025 3752 monasteriorum
1042 3687 1315 3767 adtenuaverat,

350 3778 409 3844 ille
433 3799 544 3862 prona
569 3782 755 3849 devotione
783 3786 949 3863 restituit,
974 3793 1010 3852 et
1036 3805 1100 3850 suo
1122 3786 1309 3871 privilegio

385 3947 545 4013 'Egsrirlaa.]
562 3951 605 4001 He
620 3968 675 4002 was
682 3954 771 4016 joined
788 3956 815 4003 iu
880 3951 1026 4018 ’Egy'ridar
1036 3954 1223 4020 agrimonia]
1240 3956 1316 4007 Com·

348 4018 391 4068 tbe
403 4025 564 4082 goremmeut
572 4023 634 4073 witb
646 4023 686 4072 bie
698 4023 780 4073 father
788 4025 814 4073 in
844 4040 905 4088 pare
919 4025 1089 4088 Mulmsbury‚
1099 4023 1112 4091 ᾗ
1123 4028 1165 4074 at.

349 4091 460 4152 ⁷87,but
470 4091 574 4154 reigned
585 4093 659 4144 alone
668 4094 815 4157 cnlyaiew
881 4088 1242 4161 'Piuputria...rertigio,·]
1255 4096 1314 4156 ‘pa-

348 4161 456 4211 montbs.
708 4186 711 4191 ,
843 4168 925 4214 ternae
954 4164 1119 4214 immanitatis
1137 4165 1248 4227 vestigia
1270 4164 1315 4214 de·

843 4234 941 4285 clinem
950 4235 968 4296 ς’
983 4234 1105 4285 Melmsb.
