3000 5004
421 491 561 539 neonus
584 493 854 543 nrsronmnuu.
876 559 879 564 ,
1044 475 1111 541 515

156 644 314 721 nicando,
332 647 525 724 convertit3
549 646 639 710 unde
659 646 909 710 commilitones
932 645 1009 729 ejus
1031 645 1107 728 plu-

154 743 276 807 rimum
309 745 532 827 indignantes
561 765 583 809 a
614 765 695 829 rege
723 745 932 810 unanimiter
958 763 1108 810 recesse-

154 850 246 907 runt.

186 1015 336 1094 Quomodo
349 1014 415 1080 dae
429 1017 687 1080 Normaaaorum
709 1014 882 1082 Willabmae
895 1013 1075 1080 Horridum

490 1114 527 1178 da
535 1124 631 1199 poeto
646 1115 763 1200 arquit.

204 1237 284 1301 Rex
311 1238 420 1320 igitur
439 1236 633 1320 Anglorum
657 1237 850 1314 Haroldus,
872 1235 916 1301 de
941 1243 1013 1301 tam
1041 1236 1195 1302 tri-amu
1247 1298 1250 1304 .

153 1337 307 1418 umphali
339 1345 465 1402 eventu
491 1337 527 1400 in
555 1336 751 1418 superbiam
781 1336 905 1412 elatus,
928 1329 1030 1400 ¹nihit
1059 1310 1233 1400 deffiniri*

152 1443 255 1517 pacto
277 1437 369 1499 inter
392 1456 430 1500 se
452 1443 488 1500 et
508 1435 720 1500 Willelmum
743 1434 1016 1499 Normannicum
1038 1409 1217 1499 (ἰυ-νῃιιιιῐιῂ

151 1554 225 1597 cem
250 1535 331 1598 olim
355 1536 579 1599 sacramentis
604 1535 741 1599 firmato
769 1535 967 1615 cogitabat3
1002 1535 1103 1599 auxit

151 1640 267 1697 autem
298 1635 520 1699 securitatem
550 1634 626 1719 ejus
656 1653 749 1698 mors
777 1633 857 1698 filiae
883 1633 981 1698 ducis
1011 1634 1102 1698 Wil-

150 1732 256 1809 lelmi,
273 1752 376 1815 quam
392 1733 483 1797 infra
502 1734 636 1798 nubiles
656 1753 766 1797 annos
782 1732 1024 1816 desponderat,
1039 1733 1101 1798 ad·

152 1831 225 1895 dito
250 1851 303 1908 eo,
327 1832 420 1914 quod
442 1833 533 1896 idem
548 1832 746 1897 Willelmus
767 1831 894 1896 ducum
919 1833 1102 1898 contermi-
1211 1900 1212 1904 ,

152 1950 274 1994 norum
294 1931 393 1995 bellis
409 1931 524 1996 suerat
545 1932 756 2014 implicatus,
778 1931 869 1994 unde
890 1932 1002 1995 minas
1025 1932 1100 2016 ejus

152 2049 327 2113 nunquam
343 2030 385 2094 ad
402 2030 533 2095 sactum
551 2038 735 2113 erupturas
752 2030 926 2112 sperabat.
978 2029 1101 2095 Sacra-

150 2137 304 2193 mentum
327 2149 422 2205 vero,
437 2129 531 2212 quod
553 2129 589 2193 in
612 2130 820 2194 necessitate
841 2127 983 2205 fecerat,
1005 2147 1101 2194 asse·

151 2229 222 2292 ruit
236 2248 305 2291 non
327 2247 403 2291 esse
418 2228 616 2307 tenendum,
632 2247 710 2292 cum
726 2247 869 2308 regnum
885 2248 955 2292 non
970 2236 1100 2310 posset,

151 2326 346 2390 Eadwardo
363 2326 474 2390 adhuc
496 2346 578 2408 rege
595 2328 746 2404 vivente,
764 2346 827 2391 nec
849 2327 944 2404 dare,
962 2346 1025 2391 nec
1046 2329 1099 2411 ip·

150 2445 202 2502 so,
213 2425 298 2489 illud
312 2425 472 2507 cuiquam
484 2426 684 2503 concedere,
694 2425 911 2504 inconsult0;
929 2426 990 2491 sed
1004 2427 1099 2492 aliud

151 2524 342 2601 Haroldus,
358 2532 393 2589 et
408 2525 604 2590 Willelmus
619 2525 713 2589 eliud
729 2525 911 2611 cogitavit,
925 2545 1004 2590 nam
1020 2546 1100 2608 pro·

150 2624 256 2701 tinus,
270 2644 347 2688 cum
363 2624 559 2688 Haroldum
578 2625 741 2707 cognovit
753 2624 948 2690 diademate
961 2624 1099 2690 redimi·

150 2729 236 2801 tum,
257 2743 319 2806 per
344 2724 484 2788 nuntios
509 2724 607 2789 illum
631 2725 756 2789 leniter
776 2723 819 2788 de
840 2733 945 2806 rupto
967 2724 1098 2791 saedere

149 2821 353 2904 increpavit,
385 2822 559 2889 affirmans
592 2823 833 2888 comminando
858 2832 940 2889 ante
967 2843 1098 2888 annum

149 2940 226 2986 sese
252 2920 406 2985 debitum
434 2930 649 2987 exacturum.
701 2921 893 2999 Haroldus,
918 2942 938 2987 e
965 2931 1098 3002 contra,

149 3039 211 3101 per
243 3018 382 3082 eosdem
419 3019 555 3100 legatos
590 3020 776 3101 praedictas
813 3039 892 3084 cum
920 3021 1098 3087 Willelmo

148 3117 229 3181 duci
260 3117 497 3182 remandasset
526 3119 781 3195 excusationes,
811 3118 917 3199 legati
947 3119 1099 3185 inaniter

150 3223 362 3281 revertentes
400 3217 442 3280 ad
484 3216 625 3298 propria
664 3216 787 3280 ducem
824 3217 1097 3283 Normannicum

150 3316 361 3381 conveniunt
387 3316 425 3380 in
456 3314 532 3379 haec
557 3317 675 3393 verba,
707 3315 883 3380 ‘Mandat
907 3318 1006 3381 vobis
1033 3337 1097 3383 rex

149 3413 344 3496 Anglorum
366 3414 558 3491 Haroldus,
585 3414 677 3497 quod
701 3415 870 3479 veraciter
891 3416 1097 3482 necessitate

149 3515 359 3595 compulsus,
376 3513 515 3596 quando
532 3514 640 3579 filiam
655 3522 807 3578 vestram
826 3514 1097 3596 desponsaverat

148 3612 184 3675 in
200 3613 428 3691 Normannia,
458 3633 601 3695 regnum
633 3613 697 3677 tibi
720 3613 901 3698 juraverat
928 3612 1096 3696 Anglica·

148 3733 251 3792 num;
275 3713 336 3777 sed
351 3721 485 3790 contra,
501 3713 576 3777 haec
600 3712 736 3791 asserit,
753 3721 911 3778 coactum
921 3712 1098 3797 juramen-

149 3819 222 3876 tum
248 3833 317 3877 non
347 3832 423 3877 esse
445 3812 710 3890 observandum,
735 3832 817 3877 nam
844 3813 875 3877 si
897 3821 1017 3878 votum
1040 3815 1097 3879 vel

143 3911 401 3995 jusjurandum,
431 3911 524 3993 quod
555 3913 591 3975 in
622 3911 725 3976 domo
752 3911 874 3994 patris,
896 3915 1097 3995 parentibus

147 4011 364 4088 inconsultis,
380 4011 497 4095 puella
514 4010 557 4074 de
580 4031 723 4093 corpore
746 4032 811 4076 suo
832 4013 981 4077 scienter
1003 4012 1098 4091 fecit,

184 4227 276 4279 ¹Nitit
286 4227 522 4291 deportaturus]
534 4227 609 4278 Gom·
637 4243 663 4289 p.
682 4233 740 4290 409,
758 4229 820 4279 from
840 4229 922 4280 whom
941 4230 983 4279 the
1006 4234 1059 4280 text
1077 4231 1099 4280 is

148 4314 209 4363 pare
220 4298 262 4348 the
273 4303 381 4348 account
395 4299 429 4360 by
442 4298 612 4359 Mulucham,
637 4299 771 4361 compiled.
