3000 5004
470 429 609 477 riorus
633 431 902 480 ursronmnuu.
1093 415 1160 480 343

206 606 267 651 sus
291 586 433 669 spiritus
459 594 541 651 tuus
564 587 608 652 ad
632 607 757 671 corpus
774 596 872 652 tuum
895 595 930 652 et
952 589 1107 671 permisit
1122 597 1157 653 to
1170 609 1278 650 vuanor

207 686 305 750 Deus
320 686 387 750 huc
403 687 533 779 venire,
549 695 589 751 ut
604 687 738 753 videres
755 695 897 771 propter
908 707 987 770 quae
1012 695 1156 770 peccata
1169 660 1284 750 ffif²¹¹⁰

207 805 273 867 ego
298 794 333 850 et
357 805 487 862 omnes,
514 806 601 868 quos
616 788 747 865 vidisti,
763 788 849 852 talia
874 786 1045 869 supplicia
1069 787 1155 851 tole-

207 904 345 964 ramus3
370 905 439 951 uno
456 887 546 950 euim
568 887 623 950 die
637 906 714 949 sum
736 888 772 950 in
797 885 865 950 isto
888 885 1054 950 ferventis
1073 887 1156 951 dolii

206 985 330 1048 balneo
344 993 380 1050 et
396 984 507 1049 altero
521 985 577 1050 die
597 986 813 1051 transmittor
829 986 865 1049 in
881 985 975 1048 istud
991 985 1157 1050 suavissi-

207 1103 301 1147 mum
319 1102 418 1166 aquae
433 1084 575 1162 dolium,
599 1091 635 1149 et
657 1085 723 1148 boc
744 1084 785 1148 fit
806 1085 920 1148 sancti
935 1083 1032 1148 Petri
1056 1103 1156 1149 sanc-

207 1183 303 1266 tique
324 1182 476 1265 Remigii
491 1184 664 1266 precibus,
685 1202 832 1268 quorum
852 1183 1052 1266 patrociniis
1075 1183 1155 1248 bac-

207 1289 308 1347 tenns
324 1282 441 1363 regale
463 1303 573 1365 genus
594 1290 750 1347 nostrum
773 1283 954 1364 regnavit3
977 1289 1012 1345 et
1034 1283 1064 1345 si
1085 1283 1157 1347 cito

207 1382 291 1445 mihi
306 1383 521 1460 subveneris,
537 1390 575 1446 tu
592 1390 627 1447 et
640 1383 708 1446 mei
731 1381 849 1445 fideles
872 1381 1025 1463 episcopi
1042 1388 1078 1445 et
1094 1382 1155 1444 ab·

207 1481 306 1545 butes
330 1488 366 1545 et
384 1483 495 1545 omnis
517 1481 601 1545 ordo
623 1480 888 1557 ecclesiasticus,
911 1481 1037 1556 missis,
1061 1481 1157 1545 obla

208 1579 371 1658 tionibus,
395 1582 607 1663 psalmodiis,
621 1580 761 1661 vigiliis,
783 1587 819 1645 et
842 1579 1079 1662 eleemosynis,
1093 1599 1153 1644 ve·

206 1679 328 1743 lociter
355 1680 522 1744 liberatus
555 1699 614 1744 ero
645 1680 687 1743 de
712 1681 781 1744 isto
804 1679 897 1743 dolio
924 1698 1025 1762 aquae
1052 1680 1154 1743 bulli-

208 1779 319 1857 entis3
343 1799 423 1843 nam
443 1778 551 1843 irater
573 1799 670 1843 meus
687 1779 886 1855 Lotharius,
911 1787 947 1842 et
969 1779 1045 1862 ejus
1064 1779 1156 1842 filius

209 1877 418 1956 Ludoricus,
440 1878 554 1942 sancti
580 1878 677 1942 Petri
703 1878 884 1960 sanctique
900 1878 1052 1959 Remigii
1077 1898 1155 1960 pre-

207 1978 304 2041 cibus
319 1979 472 2060 exempti
492 1985 572 2041 sunt
594 1979 638 2041 ab
658 1979 735 2041 istis
759 1978 885 2061 poenis,
910 1976 1035 2059 etjam
1060 1977 1155 2041 ducti

206 2077 337 2141 suntin
354 2078 518 2158 gaudium
535 2076 687 2159 paradisi
699 2075 719 2155 ς’
743 2084 779 2140 et
800 2075 891 2139 dixit
906 2075 951 2138 ad
978 2094 1044 2151 me,
1058 2081 1068 2109 ‘
1083 2076 1154 2139 Re·

206 2176 301 2258 spice
330 2176 566 2240 sinistrorsum
578 2177 599 2254 3'
633 2195 780 2257 cumque
810 2175 1052 2256 respexissem,
1083 2175 1155 2238 vidi

208 2274 255 2338 ibi
273 2275 341 2339 duo
358 2275 452 2340 dolia
473 2275 644 2338 altissima
664 2274 866 2351 bullientia3
890 2273 1013 2349 ‘lsta,'
1028 2272 1154 2354 iuquit,

206 2379 311 2438 ‘suut
323 2375 386 2439 tibi
400 2381 610 2458 praeparata,
625 2374 691 2437 nisi
708 2382 743 2438 te
757 2373 1005 2449 emendaveris,
1025 2380 1061 2436 et
1080 2392 1155 2455 poe-

207 2473 387 2537 nitentium
411 2475 524 2556 egeris
549 2473 593 2538 de
619 2474 689 2537 tuis
717 2472 874 2536 nefandis
900 2468 1057 2535 delictis!
1109 2472 1154 2535 Et

205 2579 288 2637 tunc
300 2573 391 2655 ooepi
406 2574 561 2655 graviter
574 2573 726 2649 horrere,
739 2591 887 2654 cumque
901 2577 1056 2635 cerneret
1069 2571 1154 2635 duc·

206 2678 262 2735 tor
286 2691 384 2736 meus
405 2673 442 2735 in
468 2679 567 2736 tanto
594 2691 724 2755 pavore
747 2690 824 2735 esse
843 2672 1002 2753 spiritum
1028 2690 1154 2747 meum,

203 2770 294 2835 dixit
312 2771 357 2834 ad
377 2791 445 2847 me,
468 2772 641 2853 ‘Sequere
666 2791 721 2835 me
746 2771 789 2836 ad
813 2770 972 2834 dextram
996 2769 1153 2833 luculen-

205 2870 349 2934 tissimae
375 2871 477 2936 vallis
506 2871 671 2954 paradisi.
734 2871 782 2934 Et
811 2869 893 2932 dum
920 2868 1154 2950 graderemur,

205 2970 459 3052 contemplatus
484 2990 561 3034 sum
584 2969 619 3032 in
641 2970 774 3052 ingenti
796 2968 955 3032 claritate
979 2986 1057 3030 cum
1079 2967 1155 3047 glo-

204 3068 306 3132 riosis
327 3069 466 3151 regibus
488 3070 607 3134 sedere
625 3068 839 3144 Lotharium,
857 3066 1065 3130 avunculum
1082 3085 1153 3129 mo-

203 3186 275 3243 um,
293 3187 397 3250 super
413 3169 563 3251 lapidem
580 3168 754 3251 topazium
779 3167 875 3230 mirae
892 3165 1152 3246 magnitudinis,

203 3266 398 3331 diademate
423 3268 575 3350 pretioso
595 3274 826 3344 coronatum3
861 3263 982 3328 videus
1010 3283 1065 3337 me
1093 3283 1151 3326 co·

205 3366 318 3430 minus
349 3368 544 3443 accersivit,
569 3366 697 3430 blanda
721 3384 806 3429 voce
835 3363 964 3438 dicens,
993 3362 1152 3438 ‘Carole,

202 3483 383 3529 successor
393 3485 491 3530 meus
504 3486 595 3530 nunc
607 3459 747 3529 ¹tertius
763 3464 799 3526 iu
815 3462 960 3544 imperio
975 3461 1152 3525 Romano-

203 3584 292 3641 rum,
309 3565 389 3628 veni
404 3564 448 3628 ad
466 3585 541 3644 me3
565 3566 637 3628 scio
654 3562 746 3645 quod
766 3582 828 3645 per
844 3560 1017 3644 poenalem
1039 3561 1153 3624 locum

203 3663 343 3738 venisti,
368 3663 427 3726 ubi
452 3673 507 3728 est
522 3672 622 3747 pater
643 3671 736 3740 tuus,
759 3662 867 3726 irater
888 3680 997 3737 meus,
1019 3661 1154 3744 positus

204 3761 240 3825 iu
264 3761 377 3845 poenis
402 3763 468 3826 sibi
492 3762 686 3840 destinatiS,
713 3762 774 3826 sed
797 3781 859 3845 per
885 3759 1155 3824 misericordiam

239 3990 361 4043 ¹Tertiuc
381 3994 408 4043 in
431 3991 558 4063 imperia]
588 3997 666 4046 Iouis
690 3997 787 4058 thuire3
823 3998 902 4046 Louis
929 3997 967 4057 11,
996 3996 1103 4046 Churles
1131 3998 1155 4044 lc

202 4062 245 4111 the
263 4063 330 4112 third
349 4065 372 4111 is
391 4067 513 4127 probably
524 4066 583 4115 bere
594 4068 665 4115 omit·
691 4068 805 4129 chauve,
828 4068 907 4116 louis
931 4066 985 4128 111,
1008 4065 1114 4114 charles
1131 4066 1155 4113 le

202 4133 255 4192 ted,
276 4133 411 4183 otherwise
429 4135 536 4184 Charles
554 4137 579 4183 le
598 4137 666 4186 Gros
691 4137 767 4186 Gros.

202 4202 289 4250 would
306 4203 337 4252 be
360 4203 402 4253 the
425 4204 509 4254 fourth
531 4205 594 4254 from
618 4206 665 4254 Lo·
