3000 5004
354 467 420 531 448
609 482 742 532 noorai
767 483 815 530 nu
839 481 1047 530 wauoovaa

356 646 458 711 citius
482 646 635 709 divinam
662 646 792 710 sentiat
814 645 994 722 ultionem,
1016 639 1208 710 exercitum
1227 667 1310 711 con-

355 765 501 828 gregare
524 765 637 828 neque
664 755 786 810 contra
811 745 930 810 hostes
957 745 1081 809 ducere
1106 765 1175 809 non
1201 745 1308 809 aude·

356 845 428 921 bat,
454 864 576 908 verens
601 864 644 908 ne
668 845 765 925 regni
788 845 932 921 nobileS,
955 864 1044 928 quos
1068 844 1195 927 injuste
1216 853 1309 909 trac-

357 950 505 1019 taverat,
529 944 564 1007 in
593 943 713 1026 praelio
745 942 841 1006 illum
876 944 1120 1026 relinquentes,
1148 945 1307 1009 hostibus

356 1043 533 1106 traderent
548 1043 591 1106 ad
610 1042 840 1125 perdendum
862 1042 922 1105 sed
943 1062 1003 1105 rex
1029 1043 1132 1106 miser
1154 1051 1207 1107 tot
1231 1064 1308 1126 per-

356 1141 612 1206 turbationibus
638 1141 830 1216 consossus,
858 1142 902 1203 ab
932 1142 1017 1204 urbe
1047 1140 1306 1206 Londoniarum

355 1242 445 1304 clam
460 1241 614 1316 recessit,
630 1249 664 1304 et
682 1240 822 1303 veniens
840 1238 1127 1315 Suthamtoniam,
1146 1240 1190 1303 ad
1203 1240 1308 1305 Wec-

357 1347 428 1403 tam
459 1340 606 1403 insulam
637 1339 827 1419 navigavit,
856 1345 891 1400 et
917 1337 998 1400 iude
1022 1339 1178 1420 reginam
1204 1360 1305 1404 suam

358 1439 514 1501 Emmam
544 1439 580 1501 in
607 1437 858 1501 Normanniam
886 1436 930 1499 ad
959 1425 1081 1501 ducem
1113 1438 1306 1503 Ricardum

356 1527 503 1601 fratrem¹
525 1556 638 1613 suum,
668 1555 746 1600 cum
777 1535 856 1598 filiis
886 1536 960 1599 suis
991 1534 1135 1600 Alsredo
1166 1545 1202 1601 et
1234 1539 1305 1602 Ed-

356 1635 485 1712 wardo,
512 1644 685 1708 eteorum
711 1634 910 1699 custodibus
928 1629 1143 1714 ¹Halchuuo,
1168 1637 1304 1702 Duuel-

356 1735 465 1797 mensi
488 1735 663 1816 episcopo,
687 1742 721 1798 et
741 1735 865 1798 abbate
890 1732 933 1796 de'
952 1733 1189 1798 Medmesham
1205 1733 1305 1800 Aelf·

356 1832 408 1895 sio
435 1832 599 1913 dirigens,
628 1834 672 1895 ab
706 1834 783 1914 ipso
812 1833 899 1896 duee
925 1851 1001 1896 cum
1034 1834 1162 1898 bonore
1187 1842 1223 1898 et
1251 1855 1304 1899 re-

356 1931 510 1995 verentia
536 1940 618 1995 sunt
646 1933 804 2013 recepti3
840 1931 1009 1995 Eadrieus
1031 1951 1182 2013 quoque,
1211 1935 1304 2015 regis
1356 1980 1359 1985 ·

357 2029 532 2094 Ethelredi
546 2031 835 2112 consanguineus,
854 2050 932 2095 cum
951 2031 1072 2112 regina
1088 2038 1124 2094 et
1139 2032 1305 2096 militibus

356 2131 483 2212 septies
497 2130 621 2210 viginti
639 2130 890 2207 transfretavit,
907 2130 966 2192 ubi
983 2149 1060 2193 cum
1077 2130 1154 2212 ipsa
1170 2131 1304 2194 duobus

356 2231 456 2292 aunis
475 2229 642 2305 residenS,
659 2230 690 2292 ei
707 2228 889 2310 magnifice
905 2229 1125 2293 ministravit.
1178 2230 1305 2313 Sicque

355 2347 472 2391 mense
488 2327 641 2409 Augusti
661 2328 730 2391 illis
752 2347 846 2390 mare
864 2329 1133 2404 transeuntibus
1149 2347 1226 2392 cum
1241 2351 1306 2394 rex

356 2425 560 2491 Ethelredus
587 2427 720 2490 audivit
741 2446 801 2490 eos
824 2426 1010 2490 honorifice
1037 2436 1206 2510 receptos,
1229 2429 1303 2512 ipse

355 2526 512 2606 sequenti
536 2518 670 2588 ²mense
695 2525 865 2590 Januario
885 2545 979 2588 mare
1000 2526 1170 2589 transiens
1196 2528 1303 2592 insor-

355 2623 488 2686 tunium
509 2642 608 2685 suum
629 2624 708 2686 duci
728 2623 913 2705 magnifico
934 2624 1113 2700 revelavit,
1129 2625 1189 2707 qui
1209 2626 1304 2689 cala·

354 2721 532 2784 mitatibus
549 2721 625 2804 ejus
649 2723 794 2786 multum
812 2723 1025 2805 compatiens
1041 2724 1197 2788 miserias
1211 2726 1302 2808 regis

354 2838 395 2882 ac
411 2838 592 2884 moerorem
607 2823 720 2885 verbis
735 2823 977 2887 consolatoriis
993 2823 1178 2904 mitigavit.

453 2993 502 3058 Do
516 3002 609 3058 morte
623 2994 727 3058 douai
742 2995 917 3059 miseram
934 2996 1053 3080 etsapa
1067 3017 1201 3060 moram.

191 3126 314 3216 gwy·
404 3115 507 3182 Anno
531 3118 672 3181 Domini
699 3119 976 3196 nx1v.Suanus,
1001 3127 1039 3182 ut
1048 3119 1303 3201 praediximus,

190 3227 273 3276 swern·
352 3222 520 3298 tyrannus
544 3217 786 3297 nequissimus,
809 3219 965 3281 invasam
981 3212 1158 3298 ³Angliam
1177 3236 1303 3299 urgen-

352 3315 448 3377 tibus
467 3314 618 3378 caedibus
635 3321 671 3377 et
687 3315 831 3397 rapinis,
849 3317 1078 3379 substantiam
1101 3317 1198 3398 prius
1222 3335 1302 3399 pro·

351 3414 547 3477 vincialium
575 3413 754 3494 rapiendo,
778 3422 814 3479 et
842 3415 974 3480 nobiles
1000 3422 1122 3495 postea
1153 3416 1300 3496 proscri-

351 3512 475 3589 bendo,
499 3513 607 3577 etsie
630 3532 714 3594 opes
739 3519 810 3577 tam
836 3514 990 3594 privatas
1010 3532 1115 3595 quam
1140 3506 1301 3596 publicas

351 3611 395 3674 ad
421 3631 526 3676 naves
553 3630 631 3673 cum
659 3610 835 3674 obsidibus
859 3612 1109 3693 comportabat,
1135 3631 1206 3692 quo
1230 3613 1303 3675 evi·

385 3821 541 3884 ¹Halcbano,
557 3825 737 3889 Duadmemi]
755 3826 809 3876 'I'he
836 3828 877 3877 the
889 3827 940 3876 Isle
957 3828 987 3875 oi
994 3827 1091 3889 Wight,
1102 3827 1173 3887 ‘qua
1189 3831 1303 3887 peracta,

350 3893 431 3941 better
441 3893 590 3941 authorities
601 3895 661 3942 read
679 3896 810 3945 ‘Alshuuo
838 3897 1045 3946 Northmauniam
1056 3890 1208 3946 devehitur?
1233 3896 1302 3945 l'lor.

351 3957 535 4022 hanoniensi:
557 3962 614 4010 who
638 3965 660 4012 is
688 3966 810 4028 probably
836 3965 1000 4017 Sax.Chrou.

349 4031 409 4091 bere
420 4030 546 4092 intended,
557 4032 626 4081 since
635 4032 747 4083 Aldwini
757 4050 811 4085 was

349 4102 439 4163 bisbop
451 4102 480 4150 oi
487 4101 602 4150 Durham
615 4102 702 4151 atthis
714 4105 782 4154 time.
871 4101 1010 4165 ungium
1029 4104 1174 4166 urgentibus
1195 4103 1302 4152 eaeuttu

384 4170 489 4220 ’Mense
507 4171 650 4233 anunm]
687 4173 729 4221 He
749 4175 811 4235 kept
835 4178 859 4222 et
878 4174 1001 4238 rapina]
1037 4175 1161 4237 Compare
1180 4174 1302 4223 Malmsb.

348 4241 391 4290 the
408 4242 507 4292 festival
523 4242 553 4290 oi
568 4241 771 4304 christinae-day
784 4244 810 4291 iu
836 4241 919 4308 §lta
