3000 5004
348 461 415 526 472
605 473 738 521 rocam
763 473 812 519 nn
834 471 1042 520 wmnom

349 644 387 699 ct
407 635 528 698 codem
551 653 657 708 anno,
683 642 821 695 mortuo
834 633 997 709 Eadrioo,
1014 630 1312 696 Dorkaoestreusi

350 735 529 816 episcopo,
545 727 768 795 ¹Fadnothun
784 733 963 796 successit.

499 904 588 984 Quod
604 906 703 967 Canto
710 903 799 988 filios
813 926 883 968 cros
896 925 978 989 repca
991 904 1161 967 coronarit.

191 1049 316 1090 nom.
406 1025 511 1091 Anno
537 1027 679 1090 Domini
702 1044 856 1090 νων.
879 1047 943 1090 rex
956 1027 1165 1108 Anglorum
1187 1028 1312 1093 Dano-

190 1097 346 1189 {few
356 1145 431 1190 rum
441 1137 477 1190 et
488 1120 1311 1207 Norwegensium‚Cnutomagnificus,²Snanum

355 1227 462 1290 filium
472 1246 586 1301 suom,
595 1246 638 1289 ex
650 1225 780 1306 Algiva
791 1235 925 1302 natum,
935 1245 1040 1307 super
1052 1225 1313 1309 norwegenses

356 1346 473 1408 regem
494 1326 689 1401 constituit,
712 1333 819 1407 atque
845 1325 953 1388 filium
979 1345 1080 1387 suum
1098 1324 1312 1391 Hardocnu·

357 1434 442 1503 tum,
457 1445 502 1489 ex
515 1425 637 1487 Emma
654 1425 774 1506 regina
789 1433 1001 1506 susceptum,
1015 1424 1098 1488 fecit
1111 1426 1148 1487 in
1160 1425 1313 1490 Daciam

355 1526 526 1601 coronari,
542 1533 578 1589 et
594 1525 644 1586 sic
660 1524 696 1587 in
712 1524 877 1605 Angliam
892 1533 946 1588 oet
960 1543 1131 1588 reversus.

528 1700 577 1762 De
592 1707 685 1762 niorto
699 1697 849 1760 Caulonis
863 1697 943 1782 repis
954 1695 1137 1780 deplorem.

408 1820 538 1884 Eodem
570 1840 660 1884 anno
687 1820 802 1884 Cnuto
834 1840 895 1883 rex
923 1820 1185 1902 potentissimus
1217 1818 1313 1901 apud

357 1921 558 2002 septonian
588 1919 698 2002 pridie
722 1920 800 1984 idus
828 1919 1038 1984 Novembris
1063 1918 1155 1981 diem
1184 1918 1315 1983 clausit

358 2029 564 2096 extremum,
591 2028 625 2082 et
652 2019 810 2102 sepultus
834 2026 888 2082 est
915 2019 952 2081 in
975 2019 1060 2081 urbe
1075 2018 1315 2082 wintoniensi

359 2121 395 2183 in
422 2120 531 2183 veteri
559 2120 782 2194 monasterio,
810 2138 905 2182 more
933 2119 1042 2200 regio,
1067 2118 1168 2201 cujus
1193 2120 1314 2181 anima

358 2220 471 2302 gloria
492 2220 690 2300 perfruatur
712 2226 852 2281 aeterna.
904 2218 960 2282 De
982 2237 1052 2300 quo
1076 2236 1144 2281 non
1162 2219 1315 2281 arbitror

360 2339 435 2382 esse
460 2319 656 2394 tacendum,
686 2317 779 2399 quod
807 2337 885 2379 cum
910 2318 1090 2397 eleganter
1114 2316 1254 2380 floreret
1277 2317 1314 2378 in

360 2419 476 2500 regnis
508 2426 669 2499 potenter
700 2416 897 2498 adquisitis,
926 2417 1078 2497 regalem
1109 2414 1312 2479 cathedram

360 2511 415 2580 in³
435 2517 551 2579 littore
574 2519 680 2580 maris
702 2516 889 2580 crescentis
910 2517 1020 2580 statui
1042 2516 1137 2592 fecit,
1153 2522 1189 2578 et
1210 2515 1248 2577 in
1271 2535 1314 2578 ea

362 2615 514 2678 residens
528 2616 767 2679 comminando
781 2615 872 2678 dixit
885 2636 894 2694 3
912 2615 988 2678 ‘Tu
1004 2635 1089 2678 meae
1105 2614 1249 2678 ditionis
1264 2635 1314 2690 ee,

361 2723 396 2777 ct
414 2723 505 2776 terra
528 2713 563 2775 in
587 2734 657 2795 qua
684 2714 787 2779 sedeo
814 2734 903 2792 mea,
922 2735 984 2777 noc
1010 2723 1063 2777 est
1088 2716 1124 2776 in
1150 2733 1192 2776 ea
1217 2715 1314 2795 quis·

361 2832 477 2895 quam,
496 2814 556 2892 qui
578 2833 655 2877 meo
669 2814 813 2896 imperio
836 2816 996 2878 resistere
1013 2821 1223 2895 praesumat3
1249 2814 1313 2876 inr-

362 2932 445 2993 pero
478 2931 569 2975 nunc
595 2914 669 2989 tibi,
697 2934 739 2977 ne
764 2915 798 2975 in
828 2920 954 2976 terram
986 2932 1096 2976 meam
1122 2911 1313 2976 ascendens

363 3011 496 3092 regales
520 3032 614 3075 meas
631 3021 745 3076 vestes
768 3011 982 3076 madefacere
1004 3031 1194 3095 praesumas
1206 3010 1227 3090 3’
1253 3012 1314 3075 sed

363 3131 458 3174 mare
489 3113 672 3194 praeceptis
706 3112 781 3195 ejus
814 3131 881 3176 non
917 3114 1171 3193 obtemperem,
1207 3111 1313 3194 pedes

363 3212 477 3292 regios
508 3220 543 3274 et
582 3212 685 3274 tibias
725 3211 920 3276 madefecit.
983 3211 1063 3276 Rex
1096 3219 1213 3274 autem
1243 3212 1315 3275 fere

364 3311 465 3372 nimis
490 3309 587 3373 tarde
611 3310 815 3392 praesilienS,
842 3312 903 3388 ait,
924 3311 1065 3375 ‘Sciant
1082 3311 1219 3393 quidem
1241 3330 1315 3374 om·

364 3429 424 3471 nos
447 3409 659 3472 habitatores
685 3410 790 3487 olbia,
817 3431 942 3474 vanam
975 3431 1050 3474 esse
1083 3429 1124 3473 ac
1152 3409 1313 3473 frivolam

363 3528 483 3589 rogum
512 3510 715 3590 potentiam,
743 3530 817 3587 noc¹
832 3513 923 3592 regis
955 3512 1091 3574 nomine
1118 3511 1315 3593 quempiam

363 3716 415 3748 wau
427 3701 506 3749 thrice
517 3701 604 3749 driven
616 3701 678 3748 from
691 3701 733 3748 the
744 3702 822 3761 cheir,
884 3701 1013 3749 ’Sannum
1026 3701 1110 3766 filiam
1128 3715 1199 3748 trum
1217 3717 1250 3749 ex
1268 3703 1314 3751 Al·

361 3771 410 3818 aud
422 3785 451 3817 aa
462 3770 530 3818 often
542 3769 661 3830 regained
681 3772 822 3831 possession
847 3770 929 3833 gira]
953 3772 1072 3819 Florence
1089 3774 1167 3818 states
1184 3771 1238 3819 ibat
1260 3772 1316 3820 Elf-

361 3839 390 3887 of
398 3840 426 3897 it,
439 3839 502 3887 until
515 3841 613 3900 inluly
628 3845 701 3900 1040,
710 3841 782 3888 when
791 3841 822 3888 he
849 3840 900 3901 gife
923 3841 974 3888 hnd
993 3840 1106 3901 impooed
1129 3840 1171 3887 the
1194 3856 1238 3889 son
1255 3842 1286 3890 of
1299 3859 1316 3891 a

360 3908 495 3957 abdicated
514 3911 540 3957 in
558 3910 646 3958 favour
664 3910 693 3958 of
707 3912 822 3972 Gregory
850 3911 928 3970 priest
946 3925 1013 3971 upon
1031 3910 1076 3957 her
1089 3908 1205 3958 husband
1224 3926 1254 3959 aa
1271 3912 1317 3962 her

362 3978 403 4027 tlre
416 3979 492 4027 sixth.
849 3995 920 4037 own;
940 3980 974 4027 ad
985 3994 1026 4028 an.
1039 3982 1112 4028 1⁰35.

398 4047 404 4078 ¹
419 4048 582 4109 Eudaotlmn]
601 4049 651 4097 His
662 4048 738 4097 death
750 4050 824 4097 isra·
886 4047 938 4097 ³ln
956 4049 1038 4097 liltore
1055 4048 1152 4111 marm]
1169 4048 1223 4098 The
1241 4065 1317 4100 anec-

361 4120 454 4179 riouoly
469 4119 593 4179 reported,
605 4118 684 4165 below
705 4119 730 4164 in
752 4123 824 4180 1050,
849 4119 907 4166 dote
926 4116 955 4166 of
968 4120 1035 4167 Cnut
1054 4118 1184 4178 following
1202 4121 1224 4167 is
1241 4126 1267 4168 to
1285 4124 1315 4170 be

361 4190 393 4249 by
418 4190 536 4236 floreneo
567 4192 638 4247 1040,
660 4187 709 4236 und
733 4189 758 4235 in
782 4189 822 4236 tho
849 4189 926 4235 found
946 4190 973 4237 in
991 4188 1119 4249 Henryol
1137 4188 1317 4254 lluntingdon‚

360 4260 420 4306 Sar.
434 4258 527 4307 Chrou.
541 4261 612 4306 1010.
849 4273 875 4317 p.
889 4262 944 4308 304.
