<?xml version="1.0" encoding="UTF-8"?>
<!DOCTYPE html PUBLIC "-//W3C//DTD XHTML 1.0 Transitional//EN"
    "http://www.w3.org/TR/xhtml1/DTD/xhtml1-transitional.dtd">
<html xmlns="http://www.w3.org/1999/xhtml" xml:lang="en" lang="en">
 <head>
  <title>
</title>
<meta http-equiv="Content-Type" content="text/html;charset=utf-8" />
  <meta name='ocr-system' content='tesseract 3.04.00' />
  <meta name='ocr-capabilities' content='ocr_page ocr_carea ocr_par ocr_line ocrx_word'/>
</head>
<body>
  <div class='ocr_page' id='page_1' title='image "./rogeridewendove05rogegoog_0054.png"; bbox 0 0 3000 5004; ppageno 0'>
   <div class='ocr_carea' id='block_1_1' title="bbox 466 431 1154 522">
    <p class='ocr_par' dir='ltr' id='par_1_1' title="bbox 466 431 1154 522">
     <span class='ocr_line' id='line_1_1' title="bbox 466 431 1154 522; baseline 0.004 -3"><span class='ocrx_word' id='word_1_1' title='bbox 466 472 605 519; x_wconf 75' lang='lat' dir='ltr'>aconas</span> <span class='ocrx_word' id='word_1_2' title='bbox 629 431 898 522; x_wconf 67' lang='lat' dir='ltr'>maronianum</span> <span class='ocrx_word' id='word_1_3' title='bbox 1131 458 1154 521; x_wconf 90' lang='grc'>9</span> 
     </span>
    </p>
   </div>
   <div class='ocr_carea' id='block_1_2' title="bbox 200 629 1429 3400">
    <p class='ocr_par' dir='ltr' id='par_1_2' title="bbox 200 629 1224 1708">
     <span class='ocr_line' id='line_1_2' title="bbox 200 629 1154 715; baseline 0.001 -21"><span class='ocrx_word' id='word_1_4' title='bbox 200 631 335 706; x_wconf 86' lang='lat' dir='ltr'>feriam,</span> <span class='ocrx_word' id='word_1_5' title='bbox 347 646 465 712; x_wconf 88' lang='lat' dir='ltr'>quam,</span> <span class='ocrx_word' id='word_1_6' title='bbox 477 649 521 693; x_wconf 85' lang='lat' dir='ltr'>ox</span> <span class='ocrx_word' id='word_1_7' title='bbox 537 629 676 694; x_wconf 91' lang='lat' dir='ltr'>nomine</span> <span class='ocrx_word' id='word_1_8' title='bbox 692 631 801 715; x_wconf 88' lang='lat' dir='ltr'>ejus‚‘</span> <span class='ocrx_word' id='word_1_9' title='bbox 814 631 932 695; x_wconf 89' lang='lat' dir='ltr'>Fridai</span> <span class='ocrx_word' id='word_1_10' title='bbox 943 630 951 656; x_wconf 90' lang='lat'><strong>’</strong></span> <span class='ocrx_word' id='word_1_11' title='bbox 964 632 1154 695; x_wconf 61' lang='lat' dir='ltr'>vocamus?</span> 
     </span>
     <span class='ocr_line' id='line_1_3' title="bbox 200 728 1152 813; baseline 0 -19"><span class='ocrx_word' id='word_1_12' title='bbox 200 730 258 795; x_wconf 82' lang='lat' dir='ltr'>Ad</span> <span class='ocrx_word' id='word_1_13' title='bbox 271 731 337 793; x_wconf 91' lang='lat' dir='ltr'>boc</span> <span class='ocrx_word' id='word_1_14' title='bbox 352 728 597 810; x_wconf 82' lang='lat' dir='ltr'>Vortigernus,</span> <span class='ocrx_word' id='word_1_15' title='bbox 611 735 622 763; x_wconf 90' lang='lat'>‘</span> <span class='ocrx_word' id='word_1_16' title='bbox 636 730 690 793; x_wconf 93' lang='lat' dir='ltr'>De</span> <span class='ocrx_word' id='word_1_17' title='bbox 708 730 912 794; x_wconf 85' lang='lat' dir='ltr'>credulitate</span> <span class='ocrx_word' id='word_1_18' title='bbox 927 738 1057 808; x_wconf 81' lang='lat' dir='ltr'>vestra,</span> <span class='ocrx_word' id='word_1_19' title='bbox 1074 750 1152 813; x_wconf 88' lang='lat' dir='ltr'>quae</span> 
     </span>
     <span class='ocr_line' id='line_1_4' title="bbox 201 827 1152 913; baseline 0.002 -20"><span class='ocrx_word' id='word_1_20' title='bbox 201 830 317 913; x_wconf 86' lang='lat' dir='ltr'>potius</span> <span class='ocrx_word' id='word_1_21' title='bbox 333 827 558 892; x_wconf 80' lang='lat' dir='ltr'>incredulitas</span> <span class='ocrx_word' id='word_1_22' title='bbox 573 828 641 891; x_wconf 90' lang='lat' dir='ltr'>dici</span> <span class='ocrx_word' id='word_1_23' title='bbox 656 836 784 912; x_wconf 85' lang='lat' dir='ltr'>potest,</span> <span class='ocrx_word' id='word_1_24' title='bbox 794 828 1015 894; x_wconf 88' lang='lat' dir='ltr'>vehementer</span> <span class='ocrx_word' id='word_1_25' title='bbox 1031 830 1152 908; x_wconf 88' lang='lat' dir='ltr'>doleo;</span> 
     </span>
     <span class='ocr_line' id='line_1_5' title="bbox 201 928 1153 1011; baseline 0 -18"><span class='ocrx_word' id='word_1_26' title='bbox 201 930 244 993; x_wconf 88' lang='lat' dir='ltr'>de</span> <span class='ocrx_word' id='word_1_27' title='bbox 258 928 411 992; x_wconf 89' lang='lat' dir='ltr'>adventu</span> <span class='ocrx_word' id='word_1_28' title='bbox 426 935 542 992; x_wconf 89' lang='lat' dir='ltr'>autem</span> <span class='ocrx_word' id='word_1_29' title='bbox 558 935 675 993; x_wconf 89' lang='lat' dir='ltr'>vestro</span> <span class='ocrx_word' id='word_1_30' title='bbox 689 928 837 1010; x_wconf 82' lang='lat' dir='ltr'>gaudeo,</span> <span class='ocrx_word' id='word_1_31' title='bbox 852 929 935 1011; x_wconf 91' lang='lat' dir='ltr'>quia</span> <span class='ocrx_word' id='word_1_32' title='bbox 948 930 984 993; x_wconf 95' lang='lat' dir='ltr'>in</span> <span class='ocrx_word' id='word_1_33' title='bbox 1000 949 1153 1011; x_wconf 81' lang='lat' dir='ltr'>congruo</span> 
     </span>
     <span class='ocr_line' id='line_1_6' title="bbox 202 1029 1154 1110; baseline 0 -18"><span class='ocrx_word' id='word_1_34' title='bbox 202 1036 357 1110; x_wconf 88' lang='lat' dir='ltr'>ternpore</span> <span class='ocrx_word' id='word_1_35' title='bbox 382 1045 446 1091; x_wconf 82' lang='lat' dir='ltr'>vos</span> <span class='ocrx_word' id='word_1_36' title='bbox 481 1029 679 1092; x_wconf 84' lang='lat' dir='ltr'>necessitati</span> <span class='ocrx_word' id='word_1_37' title='bbox 710 1047 809 1106; x_wconf 82' lang='lat' dir='ltr'>meae,</span> <span class='ocrx_word' id='word_1_38' title='bbox 838 1029 912 1092; x_wconf 88' lang='lat' dir='ltr'>sive</span> <span class='ocrx_word' id='word_1_39' title='bbox 941 1029 1051 1106; x_wconf 89' lang='lat' dir='ltr'>Deus,</span> <span class='ocrx_word' id='word_1_40' title='bbox 1080 1029 1154 1093; x_wconf 89' lang='lat' dir='ltr'>sive</span> 
     </span>
     <span class='ocr_line' id='line_1_7' title="bbox 204 1126 1224 1215; baseline 0 -24"><span class='ocrx_word' id='word_1_41' title='bbox 204 1129 294 1191; x_wconf 87' lang='lat' dir='ltr'>alius</span> <span class='ocrx_word' id='word_1_42' title='bbox 311 1127 450 1192; x_wconf 91' lang='lat' dir='ltr'>obtulit.</span> <span class='ocrx_word' id='word_1_43' title='bbox 497 1126 708 1210; x_wconf 87' lang='lat' dir='ltr'>Opprimunt</span> <span class='ocrx_word' id='word_1_44' title='bbox 721 1147 775 1191; x_wconf 92' lang='lat' dir='ltr'>me</span> <span class='ocrx_word' id='word_1_45' title='bbox 793 1129 922 1193; x_wconf 89' lang='lat' dir='ltr'>etenim</span> <span class='ocrx_word' id='word_1_46' title='bbox 943 1129 1073 1192; x_wconf 91' lang='lat' dir='ltr'>inimici</span> <span class='ocrx_word' id='word_1_47' title='bbox 1087 1129 1155 1191; x_wconf 90' lang='lat' dir='ltr'>mei</span> <span class='ocrx_word' id='word_1_48' title='bbox 1221 1208 1224 1215; x_wconf 18' lang='grc' dir='ltr'><em>ι</em></span> 
     </span>
     <span class='ocr_line' id='line_1_8' title="bbox 203 1225 1154 1310; baseline -0.002 -19"><span class='ocrx_word' id='word_1_49' title='bbox 203 1227 367 1310; x_wconf 91' lang='lat' dir='ltr'>undique,</span> <span class='ocrx_word' id='word_1_50' title='bbox 383 1233 419 1290; x_wconf 89' lang='lat' dir='ltr'>et</span> <span class='ocrx_word' id='word_1_51' title='bbox 430 1225 461 1289; x_wconf 90' lang='lat' dir='ltr'>si</span> <span class='ocrx_word' id='word_1_52' title='bbox 474 1225 628 1290; x_wconf 90' lang='lat' dir='ltr'>laborem</span> <span class='ocrx_word' id='word_1_53' title='bbox 643 1227 840 1309; x_wconf 88' lang='lat' dir='ltr'>praeliorum</span> <span class='ocrx_word' id='word_1_54' title='bbox 852 1247 1003 1290; x_wconf 87' lang='lat' dir='ltr'>meorum</span> <span class='ocrx_word' id='word_1_55' title='bbox 1019 1246 1154 1291; x_wconf 90' lang='lat' dir='ltr'>mecum</span> 
     </span>
     <span class='ocr_line' id='line_1_9' title="bbox 204 1325 1156 1402; baseline -0.002 -11"><span class='ocrx_word' id='word_1_56' title='bbox 204 1325 554 1402; x_wconf 81' lang='lat' dir='ltr'>communicaveritis,</span> <span class='ocrx_word' id='word_1_57' title='bbox 576 1327 732 1390; x_wconf 87' lang='lat' dir='ltr'>retinebo</span> <span class='ocrx_word' id='word_1_58' title='bbox 761 1346 823 1391; x_wconf 86' lang='lat' dir='ltr'>vos</span> <span class='ocrx_word' id='word_1_59' title='bbox 852 1326 1038 1390; x_wconf 88' lang='lat' dir='ltr'>honorifice</span> <span class='ocrx_word' id='word_1_60' title='bbox 1062 1327 1156 1389; x_wconf 88' lang='lat' dir='ltr'>intra</span> 
     </span>
     <span class='ocr_line' id='line_1_10' title="bbox 204 1425 1155 1507; baseline 0 -19"><span class='ocrx_word' id='word_1_61' title='bbox 204 1445 350 1507; x_wconf 82' lang='lat' dir='ltr'>regnum</span> <span class='ocrx_word' id='word_1_62' title='bbox 373 1444 498 1502; x_wconf 91' lang='lat' dir='ltr'>meum,</span> <span class='ocrx_word' id='word_1_63' title='bbox 528 1434 564 1489; x_wconf 90' lang='lat' dir='ltr'>et</span> <span class='ocrx_word' id='word_1_64' title='bbox 586 1425 732 1489; x_wconf 90' lang='lat' dir='ltr'>diversis</span> <span class='ocrx_word' id='word_1_65' title='bbox 764 1426 961 1489; x_wconf 89' lang='lat' dir='ltr'>muneribus</span> <span class='ocrx_word' id='word_1_66' title='bbox 992 1433 1027 1490; x_wconf 88' lang='lat' dir='ltr'>et</span> <span class='ocrx_word' id='word_1_67' title='bbox 1060 1425 1155 1506; x_wconf 82' lang='lat' dir='ltr'>agris</span> 
     </span>
     <span class='ocr_line' id='line_1_11' title="bbox 204 1524 1155 1602; baseline -0.002 -13"><span class='ocrx_word' id='word_1_68' title='bbox 204 1524 347 1589; x_wconf 63' lang='lat' dir='ltr'>ditabo?</span> <span class='ocrx_word' id='word_1_69' title='bbox 409 1524 608 1590; x_wconf 90' lang='lat' dir='ltr'>Paruerunt</span> <span class='ocrx_word' id='word_1_70' title='bbox 638 1525 732 1589; x_wconf 91' lang='lat' dir='ltr'>illico</span> <span class='ocrx_word' id='word_1_71' title='bbox 767 1526 918 1602; x_wconf 91' lang='lat' dir='ltr'>barbari,</span> <span class='ocrx_word' id='word_1_72' title='bbox 957 1533 994 1590; x_wconf 91' lang='lat' dir='ltr'>et</span> <span class='ocrx_word' id='word_1_73' title='bbox 1026 1524 1155 1588; x_wconf 83' lang='lat' dir='ltr'>loedere</span> 
     </span>
     <span class='ocr_line' id='line_1_12' title="bbox 206 1618 987 1708; baseline 0.004 -21"><span class='ocrx_word' id='word_1_74' title='bbox 206 1625 409 1688; x_wconf 87' lang='lat' dir='ltr'>confirmato</span> <span class='ocrx_word' id='word_1_75' title='bbox 422 1625 458 1687; x_wconf 92' lang='lat' dir='ltr'>in</span> <span class='ocrx_word' id='word_1_76' title='bbox 477 1625 573 1687; x_wconf 90' lang='lat' dir='ltr'>curia</span> <span class='ocrx_word' id='word_1_77' title='bbox 588 1625 697 1708; x_wconf 87' lang='lat' dir='ltr'>ipsius</span> <span class='ocrx_word' id='word_1_78' title='bbox 716 1618 987 1690; x_wconf 87' lang='lat' dir='ltr'>¹remanserunt.</span> 
     </span>
    </p>

    <p class='ocr_par' dir='ltr' id='par_1_3' title="bbox 206 1723 1429 3400">
     <span class='ocr_line' id='line_1_13' title="bbox 259 1723 1429 1802; baseline 0.003 -14"><span class='ocrx_word' id='word_1_79' title='bbox 259 1725 390 1789; x_wconf 85' lang='lat' dir='ltr'>Eodem</span> <span class='ocrx_word' id='word_1_80' title='bbox 406 1743 499 1787; x_wconf 92' lang='lat' dir='ltr'>anno</span> <span class='ocrx_word' id='word_1_81' title='bbox 516 1725 712 1788; x_wconf 89' lang='lat' dir='ltr'>nuntiatum</span> <span class='ocrx_word' id='word_1_82' title='bbox 729 1726 832 1788; x_wconf 86' lang='lat' dir='ltr'>estin</span> <span class='ocrx_word' id='word_1_83' title='bbox 849 1725 1044 1802; x_wconf 89' lang='lat' dir='ltr'>Britannia,</span> <span class='ocrx_word' id='word_1_84' title='bbox 1055 1723 1157 1788; x_wconf 87' lang='lat' dir='ltr'>Pela·</span> <span class='ocrx_word' id='word_1_85' title='bbox 1169 1740 1268 1791; x_wconf 68' lang='lat' dir='ltr'>remur</span> <span class='ocrx_word' id='word_1_86' title='bbox 1282 1741 1319 1780; x_wconf 64' lang='lat' dir='ltr'>ue</span> <span class='ocrx_word' id='word_1_87' title='bbox 1422 1776 1429 1791; x_wconf 87' lang='lat'>..</span> 
     </span>
     <span class='ocr_line' id='line_1_14' title="bbox 206 1803 1223 1907; baseline 0 -20"><span class='ocrx_word' id='word_1_88' title='bbox 206 1827 346 1907; x_wconf 81' lang='lat' dir='ltr'>gianam</span> <span class='ocrx_word' id='word_1_89' title='bbox 362 1823 625 1905; x_wconf 86' lang='lat' dir='ltr'>perversitatem</span> <span class='ocrx_word' id='word_1_90' title='bbox 648 1825 786 1901; x_wconf 88' lang='lat' dir='ltr'>iterum,</span> <span class='ocrx_word' id='word_1_91' title='bbox 802 1825 922 1906; x_wconf 92' lang='lat' dir='ltr'>paucis</span> <span class='ocrx_word' id='word_1_92' title='bbox 945 1826 1157 1902; x_wconf 87' lang='lat' dir='ltr'>auctoribus,</span> <span class='ocrx_word' id='word_1_93' title='bbox 1169 1803 1223 1842; x_wconf 67' lang='lat'>“⁸&#39;&#39;</span> 
     </span>
     <span class='ocr_line' id='line_1_15' title="bbox 208 1916 1157 2006; baseline -0.002 -18"><span class='ocrx_word' id='word_1_94' title='bbox 208 1924 349 1988; x_wconf 87' lang='lat' dir='ltr'>dilatari</span> <span class='ocrx_word' id='word_1_95' title='bbox 362 1943 371 2001; x_wconf 88' lang='lat'><strong>;</strong></span> <span class='ocrx_word' id='word_1_96' title='bbox 385 1916 593 2006; x_wconf 79' lang='lat' dir='ltr'>&#39;rursusque</span> <span class='ocrx_word' id='word_1_97' title='bbox 608 1922 651 1985; x_wconf 91' lang='lat' dir='ltr'>ad</span> <span class='ocrx_word' id='word_1_98' title='bbox 667 1923 904 1988; x_wconf 90' lang='lat' dir='ltr'>beatissimum</span> <span class='ocrx_word' id='word_1_99' title='bbox 920 1917 1157 1989; x_wconf 79' lang='lat' dir='ltr'>³Germanum</span> 
     </span>
     <span class='ocr_line' id='line_1_16' title="bbox 208 2023 1158 2106; baseline 0 -19"><span class='ocrx_word' id='word_1_100' title='bbox 208 2043 327 2106; x_wconf 87' lang='lat' dir='ltr'>preces</span> <span class='ocrx_word' id='word_1_101' title='bbox 354 2023 601 2087; x_wconf 89' lang='lat' dir='ltr'>Britannorum</span> <span class='ocrx_word' id='word_1_102' title='bbox 624 2023 837 2101; x_wconf 86' lang='lat' dir='ltr'>deferuntur,</span> <span class='ocrx_word' id='word_1_103' title='bbox 861 2031 900 2088; x_wconf 91' lang='lat' dir='ltr'>ut</span> <span class='ocrx_word' id='word_1_104' title='bbox 927 2043 1067 2087; x_wconf 88' lang='lat' dir='ltr'>causam</span> <span class='ocrx_word' id='word_1_105' title='bbox 1092 2024 1158 2087; x_wconf 92' lang='lat' dir='ltr'>Dei</span> 
     </span>
     <span class='ocr_line' id='line_1_17' title="bbox 208 2121 1158 2204; baseline -0.001 -16"><span class='ocrx_word' id='word_1_106' title='bbox 208 2132 243 2188; x_wconf 88' lang='lat' dir='ltr'>et</span> <span class='ocrx_word' id='word_1_107' title='bbox 259 2122 340 2187; x_wconf 92' lang='lat' dir='ltr'>belli</span> <span class='ocrx_word' id='word_1_108' title='bbox 359 2121 550 2204; x_wconf 88' lang='lat' dir='ltr'>spiritualis</span> <span class='ocrx_word' id='word_1_109' title='bbox 566 2129 740 2186; x_wconf 87' lang='lat' dir='ltr'>certamen</span> <span class='ocrx_word' id='word_1_110' title='bbox 756 2141 930 2187; x_wconf 88' lang='lat' dir='ltr'>assumere</span> <span class='ocrx_word' id='word_1_111' title='bbox 944 2123 1158 2204; x_wconf 80' lang='lat' dir='ltr'>dignaretur.</span> 
     </span>
     <span class='ocr_line' id='line_1_18' title="bbox 208 2220 1160 2304; baseline -0.001 -17"><span class='ocrx_word' id='word_1_112' title='bbox 208 2222 365 2301; x_wconf 84' lang='lat' dir='ltr'>Quorum</span> <span class='ocrx_word' id='word_1_113' title='bbox 380 2221 539 2304; x_wconf 92' lang='lat' dir='ltr'>petitioni</span> <span class='ocrx_word' id='word_1_114' title='bbox 554 2220 700 2285; x_wconf 79' lang='lat' dir='ltr'>festinus</span> <span class='ocrx_word' id='word_1_115' title='bbox 720 2222 974 2304; x_wconf 88' lang='lat' dir='ltr'>obtemperans,</span> <span class='ocrx_word' id='word_1_116' title='bbox 994 2222 1160 2304; x_wconf 86' lang='lat' dir='ltr'>adjuncto</span> 
     </span>
     <span class='ocr_line' id='line_1_19' title="bbox 208 2316 1158 2404; baseline -0.002 -19"><span class='ocrx_word' id='word_1_117' title='bbox 208 2322 274 2386; x_wconf 90' lang='lat' dir='ltr'>sibi</span> <span class='ocrx_word' id='word_1_118' title='bbox 286 2316 435 2386; x_wconf 83' lang='lat' dir='ltr'>⁴Sever0</span> <span class='ocrx_word' id='word_1_119' title='bbox 450 2321 558 2385; x_wconf 87' lang='lat' dir='ltr'>totius</span> <span class='ocrx_word' id='word_1_120' title='bbox 572 2322 770 2386; x_wconf 88' lang='lat' dir='ltr'>sanctitatis</span> <span class='ocrx_word' id='word_1_121' title='bbox 787 2323 874 2399; x_wconf 90' lang='lat' dir='ltr'>viro,</span> <span class='ocrx_word' id='word_1_122' title='bbox 888 2322 949 2404; x_wconf 92' lang='lat' dir='ltr'>qui</span> <span class='ocrx_word' id='word_1_123' title='bbox 965 2327 1042 2385; x_wconf 87' lang='lat' dir='ltr'>erat</span> <span class='ocrx_word' id='word_1_124' title='bbox 1055 2320 1158 2383; x_wconf 83' lang='lat' dir='ltr'>disci·</span> 
     </span>
     <span class='ocr_line' id='line_1_20' title="bbox 208 2419 1158 2505; baseline -0.003 -21"><span class='ocrx_word' id='word_1_125' title='bbox 208 2422 311 2505; x_wconf 90' lang='lat' dir='ltr'>pulus</span> <span class='ocrx_word' id='word_1_126' title='bbox 324 2419 516 2484; x_wconf 87' lang='lat' dir='ltr'>beatissimi</span> <span class='ocrx_word' id='word_1_127' title='bbox 533 2421 644 2502; x_wconf 88' lang='lat' dir='ltr'>patris</span> <span class='ocrx_word' id='word_1_128' title='bbox 662 2420 763 2503; x_wconf 91' lang='lat' dir='ltr'>Lupi,</span> <span class='ocrx_word' id='word_1_129' title='bbox 778 2428 813 2484; x_wconf 88' lang='lat' dir='ltr'>et</span> <span class='ocrx_word' id='word_1_130' title='bbox 828 2428 910 2485; x_wconf 94' lang='lat' dir='ltr'>tunc</span> <span class='ocrx_word' id='word_1_131' title='bbox 926 2421 1089 2484; x_wconf 85' lang='lat' dir='ltr'>Treveris</span> <span class='ocrx_word' id='word_1_132' title='bbox 1102 2439 1158 2484; x_wconf 91' lang='lat' dir='ltr'>or·</span> 
     </span>
     <span class='ocr_line' id='line_1_21' title="bbox 208 2520 1159 2602; baseline 0 -18"><span class='ocrx_word' id='word_1_133' title='bbox 208 2521 348 2584; x_wconf 90' lang='lat' dir='ltr'>dinatus</span> <span class='ocrx_word' id='word_1_134' title='bbox 363 2521 558 2602; x_wconf 87' lang='lat' dir='ltr'>episcopus,</span> <span class='ocrx_word' id='word_1_135' title='bbox 577 2539 672 2585; x_wconf 90' lang='lat' dir='ltr'>mare</span> <span class='ocrx_word' id='word_1_136' title='bbox 694 2521 907 2599; x_wconf 88' lang='lat' dir='ltr'>conscendit,</span> <span class='ocrx_word' id='word_1_137' title='bbox 922 2528 969 2599; x_wconf 89' lang='lat' dir='ltr'>et,</span> <span class='ocrx_word' id='word_1_138' title='bbox 985 2520 1159 2585; x_wconf 89' lang='lat' dir='ltr'>consenti·</span> 
     </span>
     <span class='ocr_line' id='line_1_22' title="bbox 209 2619 1160 2702; baseline -0.002 -18"><span class='ocrx_word' id='word_1_139' title='bbox 209 2621 348 2684; x_wconf 89' lang='lat' dir='ltr'>entibus</span> <span class='ocrx_word' id='word_1_140' title='bbox 366 2619 556 2696; x_wconf 81' lang='lat' dir='ltr'>elementia,</span> <span class='ocrx_word' id='word_1_141' title='bbox 575 2620 763 2702; x_wconf 89' lang='lat' dir='ltr'>tranquillo</span> <span class='ocrx_word' id='word_1_142' title='bbox 780 2621 919 2702; x_wconf 83' lang='lat' dir='ltr'>navigio</span> <span class='ocrx_word' id='word_1_143' title='bbox 942 2621 1160 2688; x_wconf 85' lang='lat' dir='ltr'>Britanniam</span> 
     </span>
     <span class='ocr_line' id='line_1_23' title="bbox 209 2718 1161 2804; baseline -0.001 -20"><span class='ocrx_word' id='word_1_144' title='bbox 209 2721 308 2804; x_wconf 91' lang='lat' dir='ltr'>petit.</span> <span class='ocrx_word' id='word_1_145' title='bbox 362 2718 570 2783; x_wconf 86' lang='lat' dir='ltr'>Praedicatio</span> <span class='ocrx_word' id='word_1_146' title='bbox 599 2720 707 2801; x_wconf 84' lang='lat' dir='ltr'>igitur</span> <span class='ocrx_word' id='word_1_147' title='bbox 733 2719 856 2784; x_wconf 88' lang='lat' dir='ltr'>deinde</span> <span class='ocrx_word' id='word_1_148' title='bbox 885 2721 929 2784; x_wconf 88' lang='lat' dir='ltr'>ad</span> <span class='ocrx_word' id='word_1_149' title='bbox 954 2720 1088 2803; x_wconf 90' lang='lat' dir='ltr'>plebem</span> <span class='ocrx_word' id='word_1_150' title='bbox 1117 2720 1161 2783; x_wconf 82' lang='lat' dir='ltr'>de</span> 
     </span>
     <span class='ocr_line' id='line_1_24' title="bbox 208 2818 1161 2904; baseline 0.001 -21"><span class='ocrx_word' id='word_1_151' title='bbox 208 2818 507 2904; x_wconf 87' lang='lat' dir='ltr'>praevaricationis</span> <span class='ocrx_word' id='word_1_152' title='bbox 529 2818 768 2883; x_wconf 88' lang='lat' dir='ltr'>emendatione</span> <span class='ocrx_word' id='word_1_153' title='bbox 796 2821 1021 2897; x_wconf 89' lang='lat' dir='ltr'>convertitur,</span> <span class='ocrx_word' id='word_1_154' title='bbox 1050 2820 1161 2885; x_wconf 91' lang='lat' dir='ltr'>omni-</span> 
     </span>
     <span class='ocr_line' id='line_1_25' title="bbox 210 2919 1161 3003; baseline -0.001 -19"><span class='ocrx_word' id='word_1_155' title='bbox 210 2939 338 3003; x_wconf 87' lang='lat' dir='ltr'>umque</span> <span class='ocrx_word' id='word_1_156' title='bbox 366 2919 539 2982; x_wconf 89' lang='lat' dir='ltr'>sententia</span> <span class='ocrx_word' id='word_1_157' title='bbox 562 2920 774 2999; x_wconf 87' lang='lat' dir='ltr'>pravitatum</span> <span class='ocrx_word' id='word_1_158' title='bbox 808 2927 967 2983; x_wconf 86' lang='lat' dir='ltr'>auctores</span> <span class='ocrx_word' id='word_1_159' title='bbox 999 2920 1161 2985; x_wconf 92' lang='lat' dir='ltr'>condem·</span> 
     </span>
     <span class='ocr_line' id='line_1_26' title="bbox 212 3018 1163 3098; baseline -0.001 -15"><span class='ocrx_word' id='word_1_160' title='bbox 212 3027 368 3098; x_wconf 81' lang='lat' dir='ltr'>nantur3</span> <span class='ocrx_word' id='word_1_161' title='bbox 403 3018 601 3098; x_wconf 80' lang='lat' dir='ltr'>factumque</span> <span class='ocrx_word' id='word_1_162' title='bbox 633 3027 687 3082; x_wconf 91' lang='lat' dir='ltr'>est</span> <span class='ocrx_word' id='word_1_163' title='bbox 714 3026 754 3082; x_wconf 92' lang='lat' dir='ltr'>ut</span> <span class='ocrx_word' id='word_1_164' title='bbox 778 3019 847 3083; x_wconf 93' lang='lat' dir='ltr'>illis</span> <span class='ocrx_word' id='word_1_165' title='bbox 874 3019 910 3083; x_wconf 93' lang='lat' dir='ltr'>in</span> <span class='ocrx_word' id='word_1_166' title='bbox 939 3020 1025 3084; x_wconf 91' lang='lat' dir='ltr'>locis</span> <span class='ocrx_word' id='word_1_167' title='bbox 1053 3021 1163 3083; x_wconf 92' lang='lat' dir='ltr'>multo</span> 
     </span>
     <span class='ocr_line' id='line_1_27' title="bbox 211 3117 1162 3202; baseline -0.003 -18"><span class='ocrx_word' id='word_1_168' title='bbox 211 3140 256 3184; x_wconf 84' lang='lat' dir='ltr'>ex</span> <span class='ocrx_word' id='word_1_169' title='bbox 274 3139 316 3183; x_wconf 88' lang='lat' dir='ltr'>eo</span> <span class='ocrx_word' id='word_1_170' title='bbox 331 3126 484 3200; x_wconf 88' lang='lat' dir='ltr'>tempore</span> <span class='ocrx_word' id='word_1_171' title='bbox 499 3117 585 3181; x_wconf 85' lang='lat' dir='ltr'>fides</span> <span class='ocrx_word' id='word_1_172' title='bbox 601 3118 807 3182; x_wconf 88' lang='lat' dir='ltr'>intemerata</span> <span class='ocrx_word' id='word_1_173' title='bbox 821 3119 1034 3202; x_wconf 85' lang='lat' dir='ltr'>perduraret.</span> <span class='ocrx_word' id='word_1_174' title='bbox 1088 3118 1162 3182; x_wconf 92' lang='lat' dir='ltr'>Ita·</span> 
     </span>
     <span class='ocr_line' id='line_1_28' title="bbox 212 3217 1165 3302; baseline -0.003 -20"><span class='ocrx_word' id='word_1_175' title='bbox 212 3238 281 3301; x_wconf 91' lang='lat' dir='ltr'>que</span> <span class='ocrx_word' id='word_1_176' title='bbox 304 3217 504 3302; x_wconf 89' lang='lat' dir='ltr'>compositis</span> <span class='ocrx_word' id='word_1_177' title='bbox 524 3218 682 3282; x_wconf 91' lang='lat' dir='ltr'>omnibus</span> <span class='ocrx_word' id='word_1_178' title='bbox 708 3219 801 3282; x_wconf 92' lang='lat' dir='ltr'>beati</span> <span class='ocrx_word' id='word_1_179' title='bbox 822 3218 1020 3282; x_wconf 87' lang='lat' dir='ltr'>sacerdotes</span> <span class='ocrx_word' id='word_1_180' title='bbox 1037 3236 1080 3280; x_wconf 91' lang='lat' dir='ltr'>ea</span> <span class='ocrx_word' id='word_1_181' title='bbox 1093 3236 1165 3299; x_wconf 92' lang='lat' dir='ltr'>qua</span> 
     </span>
     <span class='ocr_line' id='line_1_29' title="bbox 211 3311 850 3400; baseline -0.006 -17"><span class='ocrx_word' id='word_1_182' title='bbox 211 3326 380 3383; x_wconf 83' lang='lat' dir='ltr'>venerant</span> <span class='ocrx_word' id='word_1_183' title='bbox 393 3317 625 3400; x_wconf 88' lang='lat' dir='ltr'>prosperitate</span> <span class='ocrx_word' id='word_1_184' title='bbox 641 3311 850 3381; x_wconf 79' lang='lat' dir='ltr'>⁵redierunt.</span> 
     </span>
    </p>
   </div>
   <div class='ocr_carea' id='block_1_3' title="bbox 213 3629 1168 4255">
    <p class='ocr_par' dir='ltr' id='par_1_4' title="bbox 213 3629 1167 3911">
     <span class='ocr_line' id='line_1_30' title="bbox 250 3629 1167 3699; baseline -0.002 -18"><span class='ocrx_word' id='word_1_185' title='bbox 250 3629 475 3695; x_wconf 54' lang='lat' dir='ltr'>&#39;Remmmntd</span> <span class='ocrx_word' id='word_1_186' title='bbox 499 3631 553 3681; x_wconf 86' lang='lat' dir='ltr'>The</span> <span class='ocrx_word' id='word_1_187' title='bbox 575 3647 689 3699; x_wconf 56' lang='lat' dir='ltr'>conver,</span> <span class='ocrx_word' id='word_1_188' title='bbox 736 3630 935 3696; x_wconf 72' lang='lat' dir='ltr'>³Germanam]</span> <span class='ocrx_word' id='word_1_189' title='bbox 958 3631 1112 3693; x_wconf 83' lang='lat' dir='ltr'>Germanus,</span> <span class='ocrx_word' id='word_1_190' title='bbox 1128 3631 1167 3679; x_wconf 92' lang='lat' dir='ltr'>bi-</span> 
     </span>
     <span class='ocr_line' id='line_1_31' title="bbox 213 3701 1166 3767; baseline -0.002 -15"><span class='ocrx_word' id='word_1_191' title='bbox 213 3703 295 3753; x_wconf 79' lang='lat' dir='ltr'>sation</span> <span class='ocrx_word' id='word_1_192' title='bbox 320 3701 349 3751; x_wconf 82' lang='lat' dir='ltr'>of</span> <span class='ocrx_word' id='word_1_193' title='bbox 372 3701 488 3763; x_wconf 77' lang='lat' dir='ltr'>Hengest</span> <span class='ocrx_word' id='word_1_194' title='bbox 507 3702 570 3752; x_wconf 82' lang='lat' dir='ltr'>with</span> <span class='ocrx_word' id='word_1_195' title='bbox 593 3704 678 3764; x_wconf 83' lang='lat' dir='ltr'>Wyrt·</span> <span class='ocrx_word' id='word_1_196' title='bbox 702 3705 766 3767; x_wconf 87' lang='lat' dir='ltr'>sbop</span> <span class='ocrx_word' id='word_1_197' title='bbox 778 3705 807 3753; x_wconf 81' lang='lat' dir='ltr'>oi</span> <span class='ocrx_word' id='word_1_198' title='bbox 815 3704 1004 3766; x_wconf 79' lang='lat' dir='ltr'>Auxerre,was</span> <span class='ocrx_word' id='word_1_199' title='bbox 1015 3703 1076 3752; x_wconf 84' lang='lat' dir='ltr'>born</span> <span class='ocrx_word' id='word_1_200' title='bbox 1087 3703 1166 3753; x_wconf 82' lang='lat' dir='ltr'>about</span> 
     </span>
     <span class='ocr_line' id='line_1_32' title="bbox 213 3771 996 3836; baseline 0 -13"><span class='ocrx_word' id='word_1_201' title='bbox 213 3787 305 3836; x_wconf 78' lang='lat' dir='ltr'>geome</span> <span class='ocrx_word' id='word_1_202' title='bbox 316 3773 339 3822; x_wconf 84' lang='lat' dir='ltr'>is</span> <span class='ocrx_word' id='word_1_203' title='bbox 354 3771 450 3821; x_wconf 81' lang='lat' dir='ltr'>related</span> <span class='ocrx_word' id='word_1_204' title='bbox 466 3772 501 3832; x_wconf 82' lang='lat' dir='ltr'>by</span> <span class='ocrx_word' id='word_1_205' title='bbox 515 3772 635 3834; x_wconf 81' lang='lat' dir='ltr'>Geoffrey</span> <span class='ocrx_word' id='word_1_206' title='bbox 652 3773 681 3823; x_wconf 84' lang='lat' dir='ltr'>ol</span> <span class='ocrx_word' id='word_1_207' title='bbox 702 3779 759 3836; x_wconf 72' lang='lat'>³78,</span> <span class='ocrx_word' id='word_1_208' title='bbox 770 3774 821 3823; x_wconf 90' lang='lat' dir='ltr'>and</span> <span class='ocrx_word' id='word_1_209' title='bbox 831 3774 892 3823; x_wconf 88' lang='lat' dir='ltr'>died</span> <span class='ocrx_word' id='word_1_210' title='bbox 902 3775 927 3822; x_wconf 91' lang='lat' dir='ltr'>in</span> <span class='ocrx_word' id='word_1_211' title='bbox 939 3777 996 3823; x_wconf 86' lang='grc'><strong>448.</strong></span> 
     </span>
     <span class='ocr_line' id='line_1_33' title="bbox 213 3839 1164 3911; baseline 0 -19"><span class='ocrx_word' id='word_1_212' title='bbox 213 3841 373 3906; x_wconf 85' lang='lat' dir='ltr'>ltlonmouth,</span> <span class='ocrx_word' id='word_1_213' title='bbox 385 3841 454 3890; x_wconf 84' lang='lat' dir='ltr'>llist.</span> <span class='ocrx_word' id='word_1_214' title='bbox 466 3841 501 3890; x_wconf 85' lang='lat' dir='ltr'>vi.</span> <span class='ocrx_word' id='word_1_215' title='bbox 513 3856 571 3904; x_wconf 88' lang='lat' dir='ltr'>cap.</span> <span class='ocrx_word' id='word_1_216' title='bbox 585 3846 626 3892; x_wconf 88' lang='lat'>10.</span> <span class='ocrx_word' id='word_1_217' title='bbox 737 3839 867 3911; x_wconf 60' lang='lat' dir='ltr'>macra]</span> <span class='ocrx_word' id='word_1_218' title='bbox 883 3844 1001 3904; x_wconf 82' lang='lat' dir='ltr'>Sevems,</span> <span class='ocrx_word' id='word_1_219' title='bbox 1012 3842 1164 3906; x_wconf 87' lang='lat' dir='ltr'>archbisbop</span> 
     </span>
    </p>

    <p class='ocr_par' dir='ltr' id='par_1_5' title="bbox 702 3913 1145 3973">
     <span class='ocr_line' id='line_1_34' title="bbox 702 3913 1145 3973; baseline 0.005 -13"><span class='ocrx_word' id='word_1_220' title='bbox 702 3913 731 3961; x_wconf 81' lang='lat' dir='ltr'>ol</span> <span class='ocrx_word' id='word_1_221' title='bbox 738 3914 842 3973; x_wconf 81' lang='lat' dir='ltr'>Treves,</span> <span class='ocrx_word' id='word_1_222' title='bbox 852 3914 912 3961; x_wconf 85' lang='lat' dir='ltr'>died</span> <span class='ocrx_word' id='word_1_223' title='bbox 924 3914 950 3962; x_wconf 91' lang='lat' dir='ltr'>in</span> <span class='ocrx_word' id='word_1_224' title='bbox 962 3913 1004 3962; x_wconf 86' lang='lat' dir='ltr'>tbe</span> <span class='ocrx_word' id='word_1_225' title='bbox 1015 3926 1076 3972; x_wconf 82' lang='lat' dir='ltr'>year</span> <span class='ocrx_word' id='word_1_226' title='bbox 1087 3917 1145 3962; x_wconf 82' lang='grc'><strong>455.</strong></span> 
     </span>
    </p>

    <p class='ocr_par' dir='ltr' id='par_1_6' title="bbox 214 3977 1168 4255">
     <span class='ocr_line' id='line_1_35' title="bbox 249 3977 1166 4046; baseline 0 -15"><span class='ocrx_word' id='word_1_227' title='bbox 249 3977 442 4046; x_wconf 51' lang='lat' dir='ltr'>&#39;iterumad</span> <span class='ocrx_word' id='word_1_228' title='bbox 461 3980 606 4031; x_wconf 83' lang='lat' dir='ltr'>Germanus</span> <span class='ocrx_word' id='word_1_229' title='bbox 624 3996 679 4031; x_wconf 85' lang='lat' dir='ltr'>was</span> <span class='ocrx_word' id='word_1_230' title='bbox 737 3979 918 4046; x_wconf 69' lang='lat' dir='ltr'>‘RedieruntJ</span> <span class='ocrx_word' id='word_1_231' title='bbox 943 3983 991 4031; x_wconf 85' lang='lat' dir='ltr'>See</span> <span class='ocrx_word' id='word_1_232' title='bbox 1013 3982 1069 4030; x_wconf 81' lang='lat' dir='ltr'>Life</span> <span class='ocrx_word' id='word_1_233' title='bbox 1091 3982 1120 4030; x_wconf 82' lang='lat' dir='ltr'>oi</span> <span class='ocrx_word' id='word_1_234' title='bbox 1138 3982 1166 4032; x_wconf 81' lang='lat' dir='ltr'>S.</span> 
     </span>
     <span class='ocr_line' id='line_1_36' title="bbox 214 4050 1167 4114; baseline -0.004 -12"><span class='ocrx_word' id='word_1_235' title='bbox 214 4051 395 4113; x_wconf 83' lang='lat' dir='ltr'>accompanied</span> <span class='ocrx_word' id='word_1_236' title='bbox 409 4066 442 4100; x_wconf 91' lang='lat' dir='ltr'>on</span> <span class='ocrx_word' id='word_1_237' title='bbox 458 4050 499 4098; x_wconf 86' lang='lat' dir='ltr'>his</span> <span class='ocrx_word' id='word_1_238' title='bbox 510 4051 564 4100; x_wconf 82' lang='lat' dir='ltr'>first</span> <span class='ocrx_word' id='word_1_239' title='bbox 574 4052 678 4100; x_wconf 84' lang='lat' dir='ltr'>mission</span> <span class='ocrx_word' id='word_1_240' title='bbox 703 4050 857 4111; x_wconf 81' lang='lat' dir='ltr'>Gemranus,</span> <span class='ocrx_word' id='word_1_241' title='bbox 874 4054 909 4114; x_wconf 83' lang='lat' dir='ltr'>by</span> <span class='ocrx_word' id='word_1_242' title='bbox 921 4052 1086 4102; x_wconf 84' lang='lat' dir='ltr'>Constantius</span> <span class='ocrx_word' id='word_1_243' title='bbox 1098 4051 1167 4112; x_wconf 78' lang='lat' dir='ltr'>Lug-</span> 
     </span>
     <span class='ocr_line' id='line_1_37' title="bbox 214 4121 1168 4183; baseline -0.005 -11"><span class='ocrx_word' id='word_1_244' title='bbox 214 4125 267 4173; x_wconf 89' lang='lat' dir='ltr'>into</span> <span class='ocrx_word' id='word_1_245' title='bbox 282 4121 409 4182; x_wconf 80' lang='lat' dir='ltr'>England,</span> <span class='ocrx_word' id='word_1_246' title='bbox 426 4121 523 4182; x_wconf 73' lang='grc'>111421),</span> <span class='ocrx_word' id='word_1_247' title='bbox 542 4122 576 4181; x_wconf 87' lang='lat' dir='ltr'>by</span> <span class='ocrx_word' id='word_1_248' title='bbox 589 4122 678 4183; x_wconf 85' lang='lat' dir='ltr'>Lupus</span> <span class='ocrx_word' id='word_1_249' title='bbox 704 4121 834 4181; x_wconf 83' lang='lat' dir='ltr'>dunensis,</span> <span class='ocrx_word' id='word_1_250' title='bbox 855 4124 920 4171; x_wconf 85' lang='lat' dir='ltr'>inter</span> <span class='ocrx_word' id='word_1_251' title='bbox 930 4122 998 4170; x_wconf 80' lang='lat' dir='ltr'>Acta</span> <span class='ocrx_word' id='word_1_252' title='bbox 1009 4121 1168 4181; x_wconf 88' lang='lat' dir='ltr'>Sanctorum,</span> 
     </span>
     <span class='ocr_line' id='line_1_38' title="bbox 215 4190 884 4255; baseline -0.001 -14"><span class='ocrx_word' id='word_1_253' title='bbox 215 4191 305 4255; x_wconf 78' lang='lat' dir='ltr'>biebop</span> <span class='ocrx_word' id='word_1_254' title='bbox 316 4191 345 4240; x_wconf 81' lang='lat' dir='ltr'>ot</span> <span class='ocrx_word' id='word_1_255' title='bbox 352 4192 457 4252; x_wconf 83' lang='lat' dir='ltr'>Troyes.</span> <span class='ocrx_word' id='word_1_256' title='bbox 495 4191 558 4240; x_wconf 88' lang='lat' dir='ltr'>Bed.</span> <span class='ocrx_word' id='word_1_257' title='bbox 570 4192 583 4253; x_wconf 78' lang='lat'>§</span> <span class='ocrx_word' id='word_1_258' title='bbox 596 4196 635 4240; x_wconf 79' lang='grc'>19.</span> <span class='ocrx_word' id='word_1_259' title='bbox 704 4190 759 4240; x_wconf 87' lang='lat' dir='ltr'>Jul.</span> <span class='ocrx_word' id='word_1_260' title='bbox 771 4191 814 4240; x_wconf 88' lang='lat' dir='ltr'>vii.</span> <span class='ocrx_word' id='word_1_261' title='bbox 827 4195 884 4240; x_wconf 75' lang='lat'>213.</span> 
     </span>
    </p>
   </div>
   <div class='ocr_carea' id='block_1_4' title="bbox 0 0 1525 5004">
    <p class='ocr_par' dir='ltr' id='par_1_7' title="bbox 0 0 1525 5004">
     <span class='ocr_line' id='line_1_39' title="bbox 0 0 1525 5004; baseline 0 0"><span class='ocrx_word' id='word_1_262' title='bbox 0 0 1525 5004; x_wconf 95' lang='lat' dir='ltr'> </span> 
     </span>
    </p>
   </div>
  </div>
 </body>
</html>
