3000 5004
349 456 416 520 516
573 528 576 533 ,
608 470 742 520 nocssr
767 472 814 519 nn
836 471 1044 521 wnnnovnn

351 636 535 693 revocatur
559 628 598 692 in·
619 629 766 708 irritum,
788 629 898 694 multo
919 630 1031 712 magis
1053 628 1306 713 juramentum,

352 728 443 810 quod
459 728 535 810 ipse
550 729 616 792 sub
632 728 733 810 virga
750 729 842 811 regis
861 729 1012 812 positus,
1022 729 1099 811 ipso
1117 730 1306 808 nesciente,

351 833 494 891 coactus
520 827 661 905 fecerat,
690 827 803 904 debet,
832 835 872 891 ut
903 829 1041 906 asserit,
1067 828 1218 907 irritari3
1254 828 1307 892 af-

351 925 466 990 firmat
498 934 679 1007 praeterea,
711 927 813 991 nimis
841 934 1155 1011 praesumptuosum
1181 927 1304 1005 suisse,

352 1024 445 1107 quod
472 1026 603 1108 absque
626 1027 781 1107 generali
804 1044 975 1091 consensu
997 1027 1098 1109 regni
1119 1026 1305 1091 haeredita·

352 1132 421 1188 tem
439 1124 537 1188 vobis
549 1124 732 1208 juraverat
746 1123 918 1204 alienam;
941 1125 1039 1190 addit
1056 1125 1173 1202 etiam,
1191 1126 1305 1210 injus-

352 1229 426 1287 tum
441 1241 518 1287 esse
532 1230 662 1307 petere,
679 1231 718 1288 nt
740 1243 763 1287 a
779 1243 886 1306 regno
903 1224 1070 1301 discedat,
1088 1224 1180 1306 quod
1202 1232 1305 1290 tanto

351 1322 545 1404 principum
556 1322 675 1386 favore
690 1330 891 1406 susceperat
905 1324 1192 1406 gubemandum!

424 1487 473 1550 Do
487 1486 620 1551 ademto
635 1485 724 1552 ducis
738 1489 993 1650 Nomlrtanoorom
1015 1486 1165 1552 Wilklmi
1180 1488 1216 1551 io

741 1590 816 1672 Aoo
828 1587 905 1650 iam.

192 1746 340 1797 mm
404 1708 473 1773 His
484 1708 682 1775 Willelmus
696 1710 769 1773 dux
786 1708 1043 1774 Normannions
1057 1710 1309 1776 assertionibus

191 1801 283 1885 illisi

192 1895 290 1946 Englsntl
300 1907 305 1941 ς

353 1808 493 1885 auditis,
501 1809 723 1873 vehementer
736 1809 844 1892 coepit
857 1809 1043 1892 indignari,
1059 1817 1106 1887 et,
1115 1830 1157 1873 ne
1169 1811 1307 1894 justam

353 1906 505 1971 bellandi
526 1926 668 1971 cansam
688 1909 865 1972 temeritas
882 1908 1102 1985 deformaret,
1117 1910 1159 1972 ad
1176 1927 1307 1991 papam

352 2004 593 2071 Alexandrum
610 2007 750 2071 nuntios
764 2006 965 2084 destinavit,
978 2015 1018 2072 ut
1033 2016 1232 2090 susceptum
1246 2028 1308 2072 ne·

354 2107 488 2187 gotium
511 2106 717 2171 auctoritate
743 2106 936 2189 apostolica
952 2106 1157 2171 firmaretur.
1202 2106 1308 2171 Unde

353 2223 459 2289 papa,
485 2206 711 2269 consideratis
743 2207 905 2289 utrinque
934 2193 1147 2288 litigantium
1176 2208 1308 2284 causis,

355 2305 523 2369 vexillum
550 2303 729 2370 Willelmo
760 2306 795 2368 in
829 2325 929 2369 omen
960 2305 1059 2388 regni
1093 2306 1307 2384 transmisit;

355 2423 424 2487 quo
448 2404 507 2468 ille
533 2411 688 2487 accepto,
716 2403 809 2487 apud
831 2397 1074 2468 ¹Lissebonam
1098 2412 1309 2469 conventum

355 2523 537 2586 procerum
567 2518 797 2585 congregans,
822 2522 926 2585 super
950 2502 1042 2568 dicto
1070 2505 1212 2585 negotio
1235 2505 1309 2568 sin-

356 2602 516 2682 gulorum
544 2603 734 2666 sententias
762 2602 970 2684 requisivit3
1008 2622 1155 2684 cumque
1185 2622 1308 2668 omnes

355 2719 575 2780 progressum
594 2699 669 2783 ejus
688 2703 825 2782 maguis
847 2700 1131 2783 promissionibus
1152 2703 1307 2766 animas·

356 2805 445 2874 sent,
468 2799 518 2862 ita
537 2800 582 2862 ab
602 2799 748 2863 invicem
772 2800 1015 2878 discesserunt,
1037 2808 1077 2865 ut
1097 2820 1213 2864 mense
1230 2800 1308 2865 Au-

307 2937 310 2942 -
354 2897 449 2978 gusti
476 2897 519 2961 ad
539 2891 695 2981 ²portum
720 2899 832 2962 sancti
850 2899 1015 2963 Walerici
1040 2918 1118 2963 cum
1144 2901 1242 2982 equis
1269 2910 1306 2964 et

355 2996 461 3060 armis
483 2998 719 3074 convenirent,
739 3016 833 3060 mare
855 2997 948 3061 illico
971 2999 1159 3062 transituri.
1212 2998 1308 3063 Con-

354 3097 509 3178 gregatis
526 3096 632 3179 igitur
654 3095 696 3160 ad
717 3097 898 3160 terminum
921 3097 1101 3179 praefixum
1122 3096 1307 3174 universis,

355 3195 440 3259 salix
461 3214 558 3273 aura,
575 3214 654 3279 quae
677 3194 755 3259 illos
775 3195 811 3258 in
830 3194 994 3277 Angliam
1013 3195 1227 3274 transferret,
1244 3197 1306 3262 de·

354 3294 460 3373 secit;
491 3294 563 3357 dux
594 3295 713 3377 itaque
746 3314 871 3378 corpus
900 3296 1011 3360 sancti
1040 3296 1207 3360 Walerici
1240 3317 1307 3378 pro

355 3401 459 3458 vento
478 3393 695 3475 deprecando
714 3393 807 3457 foras
830 3395 961 3476 portari
975 3394 1084 3478 jussit
1105 3403 1141 3459 et
1160 3397 1226 3458 sub
1246 3396 1307 3461 dio

355 3493 487 3575 reponi,
512 3501 547 3557 et
570 3494 646 3556 sine
668 3511 766 3556 mora
790 3499 916 3556 ventus
942 3501 1082 3575 optatus
1108 3493 1188 3558 vela
1209 3495 1308 3559 sinu·

243 3634 273 3664 ..
355 3593 440 3656 avit.
493 3591 593 3655 Tunc
607 3611 737 3666 omnes,
752 3592 898 3655 navibus
913 3593 1090 3674 ingressis,
1105 3600 1186 3677 post
1202 3613 1310 3675 pran-

214 3686 238 3715 '⁸
295 3701 302 3714 ’
355 3693 448 3756 dium
466 3711 568 3755 cursu
583 3691 705 3773 rapido
718 3684 931 3773 ³Hastingas
947 3693 1167 3774 appulerunt.
1220 3693 1306 3757 Dux

354 3810 438 3855 vero
460 3790 657 3854 Willelmus
683 3791 719 3853 in
745 3809 891 3854 excessu
924 3793 1022 3856 navis
1052 3792 1140 3876 pede
1169 3791 1307 3874 lapsus,

391 4008 594 4071 ¹Lisrebonom.]
623 4007 817 4068 ‘lillebonam’
841 4007 923 4056 called
940 4007 966 4056 S.
981 4008 1086 4068 valery,
1103 4021 1165 4056 near
1183 4007 1297 4069 Dieppe.

354 4080 474 4131 Malmsb.
511 4079 650 4140 Lillcbone,
667 4092 726 4125 now
744 4077 816 4125 llon-
876 4073 1213 4144 monumemtum]
1231 4078 1305 4139 They

354 4151 424 4201 fleur.
841 4145 934 4195 lunded
951 4151 978 4194 at
989 4147 1121 4208 Perenscy
1132 4161 1164 4196 ou
1181 4146 1308 4196 Michael-

389 4218 506 4269 'Portum
513 4217 591 4269 nancti
602 4214 748 4280 Wclerici3]
758 4230 816 4264 now
842 4216 967 4277 mas-day.
