3000 5004
347 412 414 476 uos
607 428 740 476 noessr
765 427 811 474 os
831 424 1036 473 wsuoosss

350 586 468 659 batur,
483 601 505 645 a
526 602 596 664 qua
611 592 646 646 et
660 584 762 659 silva,
778 602 857 666 quae
874 582 990 644 vicina
1014 589 1081 657 est,
1097 579 1218 643 eodem
1242 598 1307 643 no·

352 683 443 745 mine
468 682 675 764 appellatur,
690 691 728 745 ut
745 700 767 745 a
781 681 888 761 vulgo
911 690 1094 762 acceperat
1110 678 1227 761 praedo
1245 699 1306 741 ne·

352 783 559 862 quissimus3
582 781 672 843 unde
692 783 804 843 accito
824 779 867 842 ad
891 800 930 842 se
952 780 1071 843 dolose
1094 778 1138 841 de
1160 778 1305 841 commi·

352 880 519 943 litonibus
545 899 627 956 uno,
653 899 730 942 enm
756 879 885 942 direxit
908 879 950 941 ud
979 898 1095 959 regem
1123 877 1305 951 mandans,

353 988 393 1041 ut
410 998 488 1040 cum
510 997 552 1041 eo
577 979 759 1041 thesauros
773 978 905 1040 dividat
921 985 956 1040 et
972 985 1135 1059 paternas
1149 976 1304 1051 divitias,

353 1077 418 1139 sub
433 1079 510 1159 ipso
524 1086 751 1157 regnaturus3
767 1077 828 1139 sod
846 1077 948 1138 nimis
964 1075 1200 1138 fraudulenter
1212 1074 1305 1136 Hin-

353 1195 443 1257 guar
460 1177 641 1239 thesauros
663 1176 837 1256 exigebat,
852 1176 911 1257 qui
933 1174 1190 1239 clementissimi
1211 1174 1303 1255 regis

353 1284 459 1357 capnt
476 1277 709 1357 potiusquam
727 1274 892 1356 pecunias
913 1274 1064 1337 sitiebat.
1117 1273 1221 1335 Miles
1237 1273 1304 1353 igi-

355 1382 425 1450 tur,
441 1393 519 1437 cum
535 1374 654 1437 volatu
677 1374 843 1436 citissimo
868 1373 912 1435 ad
929 1393 1044 1453 regem
1063 1372 1305 1435 Eadmundum

354 1474 580 1555 pervenisset,
597 1472 632 1536 in
651 1473 743 1535 hunc
757 1472 894 1535 modum
913 1490 975 1535 ora
989 1472 1123 1535 laxavit
1136 1491 1145 1549 3

393 1646 564 1710 Denuntio
578 1646 731 1731 [linquar
744 1645 790 1708 ad
802 1666 900 1729 reyem
915 1643 1139 1707 Eudmusdsm
1155 1645 1254 1709 misso.

405 1762 617 1832 ‘Dominus'
639 1789 736 1832 meus
762 1770 889 1851 ubique
906 1769 1109 1832 metuendus
1127 1767 1303 1850 Hinguar,

356 1887 418 1930 rex
434 1868 613 1931 Danorum
629 1868 888 1944 invictissimus,
903 1868 947 1931 ad
959 1867 1205 1949 hancpatriam
1220 1868 1303 1950 hye-

358 1975 514 2030 matums
540 1967 702 2046 advenit3
726 1968 826 2051 cujus
857 1967 1021 2049 potentiae
1045 1967 1074 2029 si
1099 1976 1304 2048 aspernator

357 2067 546 2143 exstiteris,
571 2074 606 2131 et
620 2067 693 2130 vita
712 2067 875 2148 indiguus
890 2076 926 2129 et
939 2086 1046 2147 regno
1065 2064 1304 2149 judicaberis:

358 2164 405 2228 Et
420 2166 470 2230 sic
484 2166 613 2242 omnia,
627 2185 706 2248 quae
721 2166 787 2228 sibi
810 2165 973 2247 imposita
992 2163 1140 2240 fuerant,
1157 2171 1198 2227 ut
1213 2185 1303 2247 prae-

356 2263 521 2341 diximus,
543 2285 621 2329 cum
642 2265 715 2346 regi
736 2284 797 2347 per
810 2264 962 2328 ordinem
985 2263 1172 2339 retulisset,
1189 2264 1303 2345 piissi-

357 2382 433 2426 mus
451 2383 512 2426 rex
532 2363 757 2426 Eadmundus
774 2363 846 2427 alto
860 2364 974 2427 cordis
989 2362 1108 2426 dolore
1122 2363 1303 2445 ingemuit,

355 2469 390 2524 et
415 2461 586 2525 advocato
611 2461 819 2539 Humberto,
841 2461 1103 2526 Helmhamensi
1128 2464 1303 2545 episcopo,

355 2559 535 2624 consilinm
559 2562 721 2642 quaesivit
736 2563 780 2624 ab
803 2562 879 2643 ipso
902 2562 1032 2637 dicens,
1047 2560 1100 2625 ‘0
1119 2580 1218 2625 serve
1234 2562 1302 2626 Dei

356 2659 439 2734 vivi,
465 2658 670 2737 Humberte,
695 2669 729 2724 et
750 2661 927 2724 dimidium
948 2661 1072 2723 animae
1099 2679 1197 2736 mom,
1222 2680 1302 2724 ecce

355 2757 525 2822 adventus
549 2759 772 2823 barbarorum
804 2759 959 2823 imminet
990 2759 1217 2837 inimicorum,
1242 2761 1302 2842 qui

354 2856 489 2920 dulcem
507 2860 654 2940 patriam
674 2879 752 2923 cum
770 2860 842 2922 suis
866 2860 1119 2923 habitatoribus
1137 2859 1213 2943 jam
1238 2879 1301 2941 pro

353 2963 453 3038 parte
471 2956 675 3034 desolatam,
690 2959 781 3040 quod
799 2959 972 3021 residuum
997 2966 1051 3021 est
1067 2976 1089 3021 a
1104 2967 1301 3022 nostrorum

354 3057 519 3121 memoria
542 3075 778 3120 successorum
794 3057 948 3121 funditus
973 3056 1087 3120 delere
1110 3066 1300 3137 conentur;

353 3155 413 3217 sed
431 3174 522 3232 ecce,
544 3175 599 3218 me
621 3157 857 3233 occumbente,
878 3157 1010 3220 utinam
1026 3156 1203 3238 subjectus
1217 3157 1299 3220 mihi

352 3254 501 3335 populus
524 3255 625 3318 vivus
651 3255 798 3318 evadere
824 3256 1019 3337 potuisset3
1043 3273 1122 3318 uam
1146 3275 1212 3336 ego
1238 3276 1301 3338 pro

350 3369 467 3416 amore
483 3354 580 3434 regni
601 3354 812 3436 temporalis,
828 3354 883 3417 vel
899 3345 1091 3417 lucro'vitae
1106 3357 1300 3435 praesentiS,

350 3468 418 3512 non
434 3471 487 3514 me
510 3452 691 3534 subjiciam
707 3461 855 3535 tyranno
871 3453 1004 3533 gentili,
1019 3473 1096 3516 cum
1111 3473 1174 3535 pro
1197 3462 1301 3535 gente

382 3697 390 3729 ¹
406 3701 524 3749 Dominus
546 3716 612 3749 meus
630 3702 738 3766 ubique]
755 3705 809 3754 ‘l'he
834 3707 880 3753 tibi
900 3705 1011 3767 maudut,
1022 3711 1050 3753 ut
1061 3720 1118 3754 cum
1135 3720 1166 3754 eo
1183 3709 1300 3770 antiquos

345 3782 460 3830 message
480 3770 502 3818 is
520 3770 579 3818 thus
591 3772 664 3831 given
677 3773 709 3832 by
722 3773 809 3822 Brom·
834 3775 965 3824 tliesauros
977 3781 1003 3823 et
1013 3781 1131 3835 paternas
1147 3776 1252 3828 divilias
1262 3781 1300 3828 di·

344 3842 404 3887 tout
424 3839 518 3887 ‘Terra
534 3841 647 3900 marique
659 3844 808 3892 metuendus
834 3845 915 3905 vidus,
935 3846 982 3893 sub
1001 3859 1031 3893 eo
1047 3845 1163 3893 similiter
1180 3855 1299 3910 regnatu·

343 3905 460 3957 dominus
471 3910 718 3971 nosterlngnar,rex
730 3914 808 3962 invic-
832 3928 893 3974 rus;
917 3916 992 3975 cujus
1011 3914 1034 3962 si
1049 3916 1193 3974 aspernaris
1212 3924 1299 3978 poten·

343 3976 467 4039 tissimus,
491 3979 605 4028 diversas
627 3986 707 4029 terras
728 3984 806 4031 armis
831 3984 891 4032 tium
916 3983 1054 4032 innumeris
1081 3984 1225 4045 legionibus
1247 3988 1297 4036 lul·

342 4047 391 4095 sibi
415 4048 572 4110 subjiciendo
595 4049 627 4098 ud
648 4049 725 4113 hujus
747 4067 804 4112 pro·
830 4053 954 4114 tam,vita
965 4054 1085 4114 indignus
1101 4054 1262 4114 judicaberis
1272 4064 1297 4107 et

341 4117 432 4167 viuclm
444 4117 516 4167 littus
527 4124 639 4180 optatum
649 4134 706 4168 cum
718 4122 805 4170 multis
830 4123 927 4184 regno?
945 4123 1038 4174 Chrou.
1050 4123 1099 4172 col.
1112 4126 1169 4174 80⁵.

339 4187 447 4239 nivibus
470 4187 624 4237 hiematurus
647 4190 755 4253 appulit,
779 4199 804 4238 et
