3000 5004
472 435 610 483 rcoans
634 434 901 483 msronmauu.
1094 420 1159 484 177

221 653 388 739 Interfecto
403 658 822 742 ropoNortlroohcmbroro-to
837 659 986 743 Eosrido,
1000 657 1139 725 succeseit

491 758 783 841 Allsridussrator
796 758 870 840 ojus

254 873 359 939 Anno
374 879 497 959 gratiae
515 897 708 943 cccxxxv,
728 874 766 943 ¹J
770 879 923 943 ohannes
942 879 1032 942 sedit
1047 880 1083 942 in
1097 898 1155 943 ca·
1169 901 1277 942 abac.

204 972 327 1038 thedra
348 976 510 1041 Romana
541 999 633 1042 anno
657 1000 738 1044 uno.
792 972 942 1042 ²Eodem
968 996 1060 1042 anno
1091 999 1154 1042 rex
1166 951 1257 1052 {31¹}st

204 1072 368 1153 Egsridus
383 1075 780 1154 Northanhumbrorum,
803 1097 881 1141 cum
903 1086 1031 1140 temere
1054 1097 1153 1142 exer·
1166 1098 1269 1139 carnot

201 1172 308 1234 citum
338 1175 382 1236 ad
411 1177 600 1241 vastandas
628 1177 806 1240 Pictorum
834 1176 1031 1259 provincias
1063 1176 1152 1239 dux·
1166 1148 1269 1198 mn*

202 1269 299 1347 isset,
327 1273 474 1337 multum
501 1276 762 1358 prohibentibus
789 1276 908 1339 amicis
934 1293 976 1337 ac
1002 1275 1152 1339 maxime

202 1368 313 1432 beatae
330 1374 503 1437 memoriae
521 1374 725 1451 cuthberto,
743 1375 803 1457 qui
828 1393 936 1454 nuper
951 1373 1064 1436 fuerat
1081 1373 1153 1455 epi·

201 1485 328 1549 scopus
351 1470 543 1550 ordinatus,
562 1474 805 1537 simulantibus
825 1492 908 1553 ergo
931 1471 1049 1552 sugam
1073 1470 1153 1535 hos·

202 1566 307 1645 tibae,
333 1569 549 1635 introductus
574 1582 628 1636 est
652 1573 687 1635 in
708 1566 878 1653 ¹angustas
904 1571 1072 1634 montium
1096 1572 1151 1634 in·

201 1684 418 1732 accessorum
451 1671 615 1748 latebras,
641 1678 746 1752 atque
770 1690 849 1733 cum
872 1671 1026 1732 maxima
1052 1677 1152 1751 parte

202 1766 392 1846 copiarum,
414 1788 502 1850 quas
522 1789 636 1834 secum
657 1769 862 1844 adduxerat,
886 1775 939 1831 est
961 1769 1151 1834 extinctus

202 1861 377 1930 Successit
402 1869 433 1930 ei
457 1869 564 1932 frater
590 1869 664 1951 ejus
690 1867 882 1943 Alhtridus,
911 1865 993 1930 licet
1014 1886 1083 1930 non
1107 1867 1150 1931 de

200 1960 356 2043 legitimo
377 1968 595 2031 matrimonio
618 1974 813 2048 susceptae,
828 1965 888 2028 sed
911 1966 948 2027 in
970 1966 1150 2047 scripturis

202 2061 256 2124 vir
287 2062 518 2144 doctissimus,
553 2067 612 2149 qui
646 2066 743 2147 regni
779 2071 922 2140 statum,
952 2062 988 2125 in
1025 2082 1151 2144 magna

201 2168 301 2242 parte
329 2163 545 2242 inclinatum,
575 2165 795 2229 laudabiliter
826 2162 1014 2246 reparavit.
1068 2162 1151 2227 Fuit

202 2269 319 2323 autem
351 2262 516 2344 ngridns
548 2264 640 2328 filius
667 2263 775 2328 Oswii
804 2269 839 2325 et
864 2260 1039 2325 Eanfledae
1070 2261 1151 2325 filiae

204 2360 295 2440 regis
328 2361 510 2440 Eadwini3
545 2364 682 2426 Oswius
716 2382 799 2427 vero
831 2361 922 2424 filius
952 2357 1151 2437 Athelsridi,

203 2458 263 2538 qui
301 2459 368 2524 fuit
395 2460 577 2538 Athelrici,
609 2462 668 2544 qui
706 2461 773 2525 fuit
807 2460 893 2537 Idae,
926 2460 1026 2541 primi
1059 2459 1151 2540 regis

204 2546 590 2624 Northanhumbrorum
609 2580 655 2623 ex
670 2558 809 2641 Anglis.
855 2558 1013 2639 Contigit
1035 2565 1150 2621 autem
1164 2580 1258 2622 namo.

202 2653 239 2716 in
255 2649 363 2720 ³bollo
378 2658 528 2740 quodam
549 2661 640 2723 inter
657 2658 838 2740 Egiridum
861 2665 896 2722 et
919 2677 1034 2738 regem
1057 2657 1152 2721 Mer·

203 2752 334 2817 ciorum
348 2753 587 2834 Athelredum,
607 2766 772 2840 utsupra
796 2757 927 2820 dictum
951 2763 1017 2834 est,
1035 2766 1152 2820 actum

204 2852 406 2919 admirabile
432 2857 647 2934 miraculum,
666 2857 759 2939 quod
782 2856 812 2918 si
835 2854 1004 2918 reseratur
1026 2855 1151 2918 multo-

204 2971 279 3014 rum
296 2954 402 3017 saluti
423 2957 572 3020 arbitror
592 2957 665 3019 fore
682 2955 884 3038 proficuum.
936 2951 1082 3016 Occisus
1099 2961 1153 3018 est

205 3052 351 3115 enimin
374 3054 436 3117 illa
457 3074 574 3137 pugna
596 3056 687 3119 inter
712 3054 862 3118 aliosde
884 3050 1008 3114 militia
1025 3070 1153 3114 memo-

204 3151 272 3214 rati
294 3151 441 3233 Egiridi,
457 3155 599 3237 juvenis
618 3153 769 3236 quidam,
792 3147 943 3214 ‘Imma’
962 3149 1152 3229 vocabu103

206 3249 266 3331 qui
295 3269 372 3313 cnm
403 3253 457 3316 die
489 3253 562 3329 illo,
587 3271 656 3333 qno
683 3253 817 3315 occisus
848 3257 913 3324 est,
940 3267 1019 3311 cum
1049 3256 1152 3313 nocte

205 3350 363 3431 sequenti
379 3351 470 3414 inter
485 3351 656 3416 cadavera
672 3351 862 3414 occisorum
879 3347 1000 3410 similis
1018 3354 1154 3409 mortno

200 3445 346 3530 jaceret,
370 3449 509 3513 tandem
534 3457 712 3532 resumpto
737 3448 861 3531 spiritu
885 3445 1013 3509 revixit
1040 3452 1075 3508 et
1100 3465 1154 3508 re·

205 3546 321 3609 sidens
360 3566 424 3611 sua
460 3549 617 3626 vulnera,
660 3556 763 3632 prout
804 3545 929 3628 potnit,
968 3543 1154 3625 alligavit3

205 3643 284 3708 dein
325 3647 496 3710 modicum
544 3649 762 3731 requiescens
801 3643 932 3708 levavit
978 3649 1014 3706 et
1061 3643 1156 3707 abire

241 3848 247 3878 ¹
260 3852 405 3916 Johonnesfl
417 3853 460 3902 the
470 3853 534 3903 lilth.
557 3853 600 3902 lle
608 3853 668 3902 died
696 3854 739 3914 da,
750 3850 762 3917 §
775 3855 832 3900 ³40.
856 3849 959 3900 Alhlrid
970 3849 1075 3913 reigned
1085 3852 1156 3898 nine-

206 3919 304 3970 themu
313 3922 505 3984 ofAugustfissfi
513 3938 521 3984 ;
535 3923 669 3985 Batonius,
694 3928 751 3972 teen
761 3935 844 3981 years.

206 3989 315 4056 adan.§
327 3995 351 4040 1.
729 3986 956 4051 meboracau]
974 3985 1028 4034 The
1040 3987 1119 4035 battle
1131 3986 1160 4034 of

694 4061 783 4118 'lhent;
796 4073 838 4107 see
846 4059 935 4118 above,
943 4057 968 4103 in
978 4054 1020 4103 the
1029 4070 1089 4116 year
1099 4058 1157 4104 679.

240 4125 252 4158 ²
262 4129 353 4178 Eodem
363 4131 446 4194 cam]
462 4131 516 4180 'l'he
527 4135 634 4180 account
644 4129 672 4178 ol
693 4129 746 4176 'l'he
758 4127 861 4175 miracle
872 4128 895 4175 is
906 4124 1026 4173 recorded
1034 4126 1067 4186 by
1077 4124 1159 4186 Beda,

207 4197 249 4248 the
260 4199 336 4247 death
347 4200 377 4248 of
387 4201 502 4264 Ecgfrith
510 4202 532 4249 is
544 4201 606 4251 l'rom
618 4201 668 4248 Bc·
695 4195 707 4263 ξ
719 4200 777 4259 317,
788 4210 852 4259 seqq.

258 4290 336 4339 VOL.
355 4291 380 4339 1.
990 4282 1013 4328 N
