2932 4980
335 460 401 524 464
591 473 725 521 noannr
751 473 799 521 nn
821 473 1035 525 wannovnn
1133 500 1136 505 ·

336 639 464 710 tarent,
489 631 692 714 supervenit
715 631 861 713 quidam·
887 634 1074 718 presbyter
1103 633 1297 717 religiosus,

336 733 474 796 nomine
496 725 752 807 ¹Eadmundus,
781 739 818 795 et
839 730 923 814 joco
946 732 1052 810 dixit,
1076 732 1227 812 ‘Quare
1247 756 1296 800 me

336 832 535 914 episcopum
561 852 630 895 non
656 830 785 912 eligitis
794 828 821 894 ι’
872 831 984 915 Cujus
1002 833 1134 916 jocum
1158 854 1230 898 non
1245 836 1295 919 jo·

336 949 415 994 cose
441 938 650 1013 acceperunt
669 929 823 1012 episcopi
845 930 905 1012 qni
928 931 1091 1009 aderant,
1116 934 1183 996 sed
1207 935 1293 999 illurn

336 1030 564 1094 communiter
584 1030 777 1111 elegerunt,
794 1036 843 1105 et,
867 1029 998 1095 indicto
1018 1032 1194 1114 triduano
1209 1035 1294 1118 jeju·

338 1129 409 1205 nio,
427 1128 641 1194 voluntatem
665 1147 771 1210 snper
793 1127 859 1192 hoo
881 1130 994 1193 saneti
1011 1129 1209 1196 cuthberti
1230 1135 1292 1215 epi·

338 1229 435 1311 scopi
446 1228 676 1310 requirebant.
730 1225 936 1292 celebrante
952 1229 1078 1312 itaque
1093 1232 1241 1296 missam
1255 1233 1291 1296 ad

337 1334 444 1409 caput
463 1327 575 1391 sancti
599 1326 780 1392 Cutbberti
794 1328 1011 1410 presbytero,
1028 1330 1069 1392 in
1097 1331 1219 1395 medio
1241 1350 1292 1395 ea·

337 1446 427 1490 none
441 1427 541 1509 quasi
558 1427 601 1490 de
617 1426 726 1508 ipsius
740 1426 850 1507 patris
875 1427 1062 1508 sepulchro
1077 1430 1214 1495 emissa
1230 1452 1291 1495 vox

337 1525 458 1589 audita
481 1535 548 1604 est,
561 1545 639 1608 quae
661 1525 772 1589 tribus
787 1525 922 1589 vicibus
947 1527 1203 1593 Eadmundum
1227 1532 1293 1614 epi·

336 1643 480 1707 scopum
497 1624 701 1689 nominavit.

345 1796 434 1876 Quod
446 1818 500 1862 ros
516 1799 614 1864 Οιιιιιο
627 1798 717 1885 apud
728 1790 869 1862 ιαιιοιιιιιι
880 1797 1111 1864 Eadmondom
1127 1803 1284 1868 monachos

693 1919 752 1962 esso
765 1898 931 1962 σοιιιίιιιίι.

173 2038 221 2077 cru
191 2037 309 2128 gutum
387 2022 517 2086 Eodem
538 2041 630 2086 anno
651 2043 714 2087 rex
728 2022 924 2105 Anglorum
939 2028 976 2086 et
993 2022 1180 2087 Dauorum
1199 2025 1290 2089 Cnu·

175 2138 269 2228 ιιιιιιιὶι..Ι
260 2089 316 2179 ¹⁰·ss
337 2129 387 2199 to,
405 2115 622 2187 'constructo
653 2123 763 2204 regali
792 2122 1004 2186 monasterio
1036 2141 1118 2186 eum
1149 2123 1288 2188 officinis

337 2222 635 2306 competentibus
626 2242 661 2284 ιιι
676 2223 754 2286 loco
755 2223 836 2304 ,qni
853 2221 1228 2287 ‘Badericbussorthe’
1239 2224 1288 2287 di·

337 2322 439 2398 citur,
464 2321 523 2385 ubi
542 2323 666 2385 beatus
689 2342 753 2385 rex
769 2330 805 2385 et
820 2328 953 2417 martyr
976 2320 1250 2400 Eadmunduss
1240 2343 1285 2386 m

337 2418 501 2503 corrupto
523 2441 677 2503 corpore,
692 2421 783 2485 diem
809 2409 922 2486 beatae
943 2410 1210 2486 resurrectionis
1230 2442 1287 2486 ex·

336 2527 484 2601 spectat,
508 2521 652 2584 consilio
676 2521 808 2585 Emmae
832 2518 962 2602 reglnae
988 2527 1024 2583 et
1047 2521 1284 2603 episcoporum

336 2619 466 2698 pariter
483 2638 524 2681 ac
539 2620 707 2683 baronum
725 2620 835 2702 regni,
849 2618 1070 2683 monachos
1060 2640 1097 2683 1n
1115 2640 1159 2684 eo
1174 2623 1285 2685 vivere

336 2717 530 2793 constituit,
546 2720 738 2800 praeficiens
753 2721 784 2784 ei
801 2720 974 2795 abbatem,
994 2712 1153 2784 ³nomine
1168 2720 1284 2784 Wido-

336 2835 427 2894 nem,
446 2818 557 2881 virum
582 2817 758 2895 humilem,
779 2820 985 2895 modestum,
1007 2827 1230 2884 mansuetum
1251 2829 1284 2883 et

336 2916 444 2997 pium.
496 2916 701 2981 Coenobium
718 2926 833 2982 autem
856 2919 949 2983 beati
965 2918 1058 3000 regis
1074 2926 1110 2982 et
1125 2920 1286 3003 martyris

337 3022 391 3080 tot
404 3017 543 3098 praediis
561 3036 602 3081 ae
617 3018 717 3081 bonis
740 3017 818 3081 aliis
832 3018 971 3094 ditavit,
985 3026 1026 3081 ut
1038 3020 1201 3083 omuibus
1218 3020 1284 3084 sere

336 3114 476 3198 Angliae
492 3118 711 3180 monasteriis
724 3118 760 3179 in
775 3119 878 3181 rebus
900 3117 1149 3198 temporalibus
1165 3120 1283 3183 merito

336 3216 564 3296 praeferatur3
596 3217 816 3299 presbyteros
844 3224 973 3293 autem,
995 3216 1060 3297 qui
1079 3217 1206 3281 ibidem
1232 3239 1284 3283 or-

336 3313 454 3378 dinate
484 3316 657 3392 vixerant,
684 3316 802 3380 autin
830 3316 949 3380 eodem
982 3315 1059 3379 loco
1084 3314 1129 3379 ad
1150 3318 1282 3382 eulmen

336 3414 512 3495 religionis
533 3415 708 3498 provexit,
733 3423 793 3479 aut
821 3416 924 3480 rebus
947 3414 1017 3477 illis
1037 3415 1117 3478 aliis
1138 3417 1284 3494 collatis,

335 3513 426 3577 unde
442 3515 544 3578 solito
560 3515 791 3579 abundantius
804 3517 972 3589 viverent,
988 3514 1032 3576 ad
1047 3514 1118 3577 alia
1131 3516 1211 3580 loca
1227 3519 1285 3579 mi-

335 3633 436 3694 grare
450 3614 543 3678 fecit.
589 3615 718 3678 Eodem
742 3615 846 3678 otiam
871 3622 1038 3696 tempore,
1055 3614 1134 3678 loca
1156 3617 1283 3691 omnia,

335 3711 370 3775 in
385 3714 509 3793 quibus
523 3720 752 3796 pugnaverat,
767 3714 920 3778 ecclesiis
933 3713 1127 3795 insignivit,
1141 3722 1178 3778 et
1192 3735 1286 3797 pres·

371 4016 377 4048 ¹
390 4014 569 4087 Eodmaodus]
586 4019 640 4068 The
651 4028 759 4070 account
769 4021 799 4070 oi
853 4019 1108 4085 ’emanaregoi
1120 4020 1284 4094 maia]

332 4090 375 4139 the
386 4091 440 4139 ele
442 4090 509 4138 atron
517 4089 546 4138 oi
556 4090 707 4139 Eadmund
701 4106 723 4139 rr
731 4092 794 4141 from
820 4092 944 4153 Compare
956 4093 1128 4156 Malmsbury,
1138 4110 1164 4156 p.
1176 4099 1234 4144 ³⁰⁶.

331 4160 468 4221 Turgotur,
479 4159 537 4209 who
556 4160 642 4222 places
661 4160 701 4208 his
717 4160 793 4210 death
853 4160 981 4210 'Noram
993 4162 1165 4228 Μάσκαν]
1174 4160 1283 4226 Urium}

332 4231 358 4278 in
372 4234 451 4290 1041;
468 4230 545 4293 hugi.
556 4231 646 4281 Sacr.
639 4246 657 4281 1.
668 4247 694 4293 p.
706 4235 764 4282 701.
818 4231 882 4282 l'ho.
895 4232 955 4295 my,
967 4232 1037 4283 llist.
1050 4234 1102 4285 Eli.
1113 4249 1141 4295 p.
1151 4239 1210 4284 608.
