3000 5004
464 434 603 483 rannus
628 434 899 483 ursroarnnun.
1093 422 1158 486 173

202 585 291 649 rium
329 596 369 653 et
404 587 481 671 ejus
518 589 694 671 dogmata,
731 589 1157 674 constantinopolitanam

201 694 323 750 contra
349 688 526 751 vesaniam
555 688 753 753 Macedonii
783 699 818 753 et
853 691 1005 754 Eudoxii
1035 702 1070 756 et
1097 711 1156 757 eo-

202 804 276 848 rum
301 786 479 867 dogmata,
504 787 714 868 Ephesinam
738 796 863 852 contra
889 788 1089 854 Nestorium
1121 801 1156 855 et

203 885 279 967 ejus
298 885 476 967 dogmata,
492 885 808 951 chalcedonensem
831 902 954 952 contra
975 890 1156 973 Eutychen

203 991 239 1047 et
261 983 465 1049 Nestorium
495 992 530 1048 et
558 1005 676 1049 eorum
704 987 882 1067 dogmata,
907 986 1155 1053 Constantino·

201 1082 393 1164 politanam
419 1086 606 1148 secundam
628 1092 750 1149 contra
772 1085 992 1150 Theodorum
1016 1094 1050 1151 et
1068 1088 1155 1152 Iben

203 1190 239 1246 et
260 1183 429 1267 (lyrillum
454 1190 628 1249 eteorum
651 1186 838 1266 dogmata3
866 1185 1024 1248 addimus
1050 1189 1155 1251 etiam

203 1288 238 1345 et
255 1290 393 1346 sextam
417 1284 602 1364 synodum,
625 1291 780 1366 tempore
798 1284 943 1347 Martini
961 1304 1061 1367 papae
1080 1285 1156 1350 Ro·

203 1399 270 1443 mae
295 1389 543 1463 congregatam
571 1391 693 1446 contra
722 1382 881 1446 haeresim
906 1383 1156 1448 Monothelita-

203 1499 292 1557 rum,
325 1481 517 1563 imperante
542 1481 774 1546 Constantino
806 1482 1013 1563 imperatore
1036 1482 1156 1547 Chris·

204 1579 408 1645 tiauissimo.
469 1581 684 1662 Suscipimus
715 1589 750 1645 et
777 1580 1012 1661 glorificamus
1041 1583 1155 1647 Deum

205 1679 486 1761 omnipotentem,
502 1681 592 1744 sicut
607 1679 659 1743 illi
681 1680 975 1761 glorificaverunt,
992 1682 1076 1745 nihil
1096 1682 1158 1746 ad-

204 1777 327 1841 dentes
353 1779 438 1841 nihil
462 1779 730 1858 subtrahentes3
762 1779 966 1843 damnamus
992 1801 1080 1863 quos
1106 1782 1157 1846 illi

205 1876 468 1954 damnaverunt,
493 1885 528 1941 et
551 1877 758 1960 suscipimus
783 1898 871 1960 quos
901 1881 968 1962 ipsi
993 1900 1155 1963 suscepef

203 1983 298 2051 runt,
331 1996 410 2058 quae
441 1978 557 2041 omnia
591 1977 741 2041 tenenda
772 1979 1031 2055 subscribimus,
1066 1981 1157 2043 sicut

203 2077 317 2138 sancti
334 2075 483 2158 apostoli
505 2084 540 2140 et
563 2075 742 2159 prophetae
759 2076 802 2141 da
820 2078 897 2142 Deo
920 2088 1103 2144 senserunt
1122 2086 1158 2142 ct

203 2174 426 2257 scripserunt
479 2172 617 2240 Amem'

207 2347 346 2433 corpora
372 2357 548 2413 sonnonem
568 2349 730 2414 Benedicti
751 2359 779 2413 et
801 2347 1100 2413 caresianam
1120 2348 1158 2411 de

256 2448 495 2513 monocordo
516 2449 562 2513 cd
581 2449 797 2514 nwaasterium
810 2449 1007 2515 Floriccnico
1022 2449 1159 2533 transso-

255 2556 382 2612 mutter.

257 2669 364 2736 Anno
395 2673 519 2754 gratiae
549 2688 734 2736 ncnxxxn
766 2666 1029 2737 ¹monasterium
1066 2673 1158 2755 apud
1169 2687 1303 2777 2335322„

207 2769 347 2835 Jarewe
365 2771 548 2836 fundatum
568 2779 633 2835 est.
687 2770 756 2835 Per
777 2771 868 2835 idem
891 2779 1028 2854 tempus
1051 2773 1305 2835 abbasonmonw

206 2871 408 2935 monasterii
425 2871 668 2947 Floriacensis,
688 2871 827 2935 nomine
840 2865 1084 2947 'Mummolus
1106 2840 1258 2934 res-iffi.

208 2969 383 3033 velatione
413 2970 532 3034 divina
561 2971 798 3053 praemonitus,
829 2971 923 3033 misit
952 2969 1159 3034 monachum

205 3087 307 3135 suum
330 3066 511 3151 Aigulfum
539 3068 582 3134 ad
615 3077 766 3133 montem
794 3068 989 3145 Cassinum,
1014 3067 1159 3131 atinde

208 3168 274 3232 sibi
290 3168 438 3233 deferret
453 3168 662 3233 sanctissimi
678 3188 805 3250 corpus
821 3168 1012 3231 Benedicti.
1065 3166 1159 3230 Nam

207 3267 417 3343 coeuobium,
441 3268 534 3350 quod
559 3268 685 3332 ibidem
713 3267 889 3350 quondam
915 3273 1159 3330 construxerat

207 3365 298 3431 idem
314 3367 537 3444 Benedictus,
559 3387 581 3431 a
599 3366 838 3449 Longobardis
860 3366 974 3429 fuerat
996 3366 1159 3430 devasta-

207 3472 282 3530 tum
322 3480 358 3532 et
386 3467 423 3530 in
461 3467 681 3531 solitudinem
718 3467 917 3545 redactum3
955 3466 1003 3529 ibi
1042 3472 1159 3529 tamen

207 3567 318 3630 sancti
335 3585 461 3649 corpus
477 3565 670 3644 Benedicti,
687 3585 766 3629 cum
780 3584 924 3648 corpore
940 3565 1069 3629 sororis
1085 3584 1159 3630 suae

243 3788 250 3818 ¹
268 3790 446 3840 Monaateriam
467 3791 531 3853 apud
550 3782 671 3857 dorma]
697 3787 788 3837 molus·
825 3786 867 3834 He
879 3799 934 3834 was
950 3785 992 3834 the
1010 3786 1102 3835 mcond
1113 3787 1160 3835 ab·

208 3860 257 3909 For
273 3875 306 3910 au
323 3864 430 3909 account
446 3859 476 3908 of
488 3859 531 3907 the
548 3857 672 3920 founding
696 3858 739 3907 bot
750 3856 779 3906 of
788 3856 891 3917 fleury,
901 3853 986 3904 where
998 3855 1030 3904 he
1040 3856 1160 3917 presided

207 3930 236 3978 of
248 3930 291 3980 the
312 3933 453 3990 monastery
472 3928 503 3977 of
517 3929 544 3983 S,
558 3928 625 3976 Paul
645 3933 672 3976 at
696 3927 735 3975 for
745 3926 822 3986 thirty
834 3938 916 3986 years.
954 3925 1005 3972 His
1020 3925 1124 3987 epitaph
1136 3927 1159 3974 is

208 3999 309 4049 Jarrow
320 4002 354 4061 by
367 3998 490 4048 Benedici
507 3998 613 4058 Biscop,
629 3996 671 4045 the
697 3995 796 4058 printed
808 3996 841 4056 by
854 3993 988 4055 Mubillou,
999 3994 1083 4043 where
1100 4009 1159 4056 may

208 4069 331 4119 readeris
346 4068 456 4119 referred
473 4073 500 4117 to
511 4067 642 4129 Dngdale‚
653 4068 671 4116 i.
697 4065 751 4114 also
763 4067 793 4113 be
804 4064 884 4112 found
902 4078 935 4112 au
951 4068 1058 4112 account
1074 4062 1104 4111 of
1117 4062 1159 4113 tha

205 4153 233 4203 p.
246 4142 302 4188 ⁵01.
696 4134 844 4184 translation
858 4133 887 4182 of
900 4133 927 4182 S.
940 4133 1071 4184 Benedict.
1106 4131 1159 4184 Aa·

238 4205 423 4271 ’Mummiam
431 4206 514 4257 called
522 4205 577 4255 also
589 4205 671 4255 Num·
697 4205 747 4255 nal.
759 4205 777 4252 i.
789 4218 833 4265 pp.
844 4206 903 4265 428,
915 4206 972 4253 546.
