2932 4980
335 436 401 501 168
588 448 723 497 uocum
746 450 794 496 nn
816 448 1023 497 wnunovun

337 606 530 687 subrogati,
545 607 640 669 Bosa
655 607 828 682 videlicet,
844 606 903 688 qui
919 605 1116 680 Deirorum,
1129 610 1165 667 et
1181 602 1289 666 Eatta

338 707 398 788 qui
424 706 675 782 Berniciorum,
705 707 917 788 provinciam
952 705 1198 786 gubernarent,
1232 700 1290 764 hic

339 805 531 868 incivitate
547 806 769 882 Eboracensi,
790 805 849 868 ille
871 805 908 868 in
930 800 1207 885 Hagustaldensi
1229 820 1287 864 ec-

339 905 445 968 clesia
457 903 572 967 sedem
588 903 767 981 habentes,
778 904 881 967 ambo
895 903 939 966 de
954 900 1199 966 monachorum
1215 899 1289 963 col·

339 1003 431 1085 legio
451 1010 535 1066 sunt
558 1002 701 1082 adsciti3
730 1022 809 1067 cum
833 1002 958 1085 quibus
984 1008 1020 1065 et
1042 999 1229 1064 Eadhedus
1250 999 1288 1062 in

339 1102 550 1185 provinciam
576 1101 861 1178 Lindissarorum,
876 1121 980 1183 quam
1008 1119 1119 1182 nuper
1132 1118 1196 1161 rex
1215 1098 1289 1180 Eg·

339 1201 460 1278 fridus,
477 1200 611 1265 Wlsero
627 1201 836 1265 Merciorum
858 1219 940 1282 rege
953 1200 1075 1282 fugato
1091 1207 1128 1263 et
1144 1198 1181 1260 in
1194 1197 1289 1261 bello

339 1308 515 1383 superato,
543 1301 752 1377 obtinuerat,
782 1301 965 1382 episcopus
997 1298 1188 1362 ordinatur.
1241 1297 1289 1361 Et

339 1398 432 1463 hunc
464 1399 601 1482 quidem
636 1400 783 1481 primum
819 1401 1020 1482 episcopum
1056 1396 1119 1460 illa
1152 1396 1288 1478 accepit

339 1499 529 1581 provincia,
551 1499 737 1562 secundum
763 1498 1008 1574 Ethelwinum,
1029 1495 1170 1561 tertium
1193 1494 1288 1558 Ead-

339 1616 474 1678 garum,
496 1605 656 1679 quartum
683 1596 923 1674 Kinebertum,
938 1615 1040 1680 quem
1061 1595 1099 1658 in
1122 1594 1287 1677 praesenti

340 1695 453 1759 habet.
506 1696 672 1759 Habebat
685 1696 776 1759 enim
790 1704 872 1760 ante
886 1695 1089 1760 Eadhedum
1103 1693 1289 1776 praesulem

340 1793 542 1870 Sexwlfum,
570 1796 630 1876 qui
656 1796 760 1859 etiam
787 1795 995 1859 Marciorum
1017 1813 1060 1858 ac
1085 1793 1288 1857 mediterra-

338 1912 481 1957 neorum
508 1892 701 1975 Anglorum
730 1895 833 1958 simul
859 1894 1043 1978 episcopus
1074 1891 1161 1972 fuit3
1193 1891 1287 1955 unde

338 1999 374 2055 et
390 1992 557 2073 expulsus
573 1993 616 2057 de
631 1992 804 2070 Lindissa,
824 1994 860 2056 in
879 1993 1017 2056 illarum
1031 1991 1288 2075 provinciarum

338 2091 505 2171 regimine
530 2093 730 2174 permansit.
783 2091 943 2156 Ordinati
968 2097 1051 2155 sunt
1069 2097 1185 2154 autem
1214 2090 1288 2172 epi·

338 2191 434 2272 scopi
477 2190 614 2272 praefati
650 2209 672 2252 a
704 2190 887 2256 Theodoro
923 2189 1195 2272 archiepiscopo,
1226 2189 1287 2270 qui

338 2290 443 2352 etiam
460 2297 539 2371 post
554 2297 624 2354 tres
648 2308 757 2354 annos
774 2290 1003 2354 abscessionis
1015 2288 1182 2366 Wilfridi,
1200 2288 1288 2352 duos

338 2387 471 2451 addidit
488 2390 681 2470 episcopos,
700 2389 744 2451 ad
767 2388 948 2452 ecclesiam
966 2387 1288 2470 Hagustaldensem

339 2486 566 2563 Tunbertum,
580 2495 754 2551 remeante
772 2489 879 2552 Eatta
894 2488 939 2552 ad
959 2485 1288 2564 lindisfarnensem,

338 2593 374 2647 et
385 2585 611 2649 Trunwinum
625 2586 669 2649 ad
684 2588 895 2668 provinciam
911 2586 1100 2663 Pictorum,
1111 2606 1189 2668 quae
1205 2594 1290 2651 tunc

338 2685 502 2765 temporis
518 2682 714 2765 Anglorum
731 2693 807 2750 erat
820 2686 964 2768 imperio
979 2686 1179 2769 subjugata.
1220 2685 1289 2749 Eo-

175 2797 324 2848 Amhororo·
337 2783 415 2846 dem
430 2802 523 2847 anno
539 2777 694 2865 ¹Agatho
706 2784 797 2848 sedit
813 2786 849 2848 in
866 2785 1031 2849 cathedra
1049 2784 1212 2849 Romana
1229 2803 1291 2848 an-

339 2883 393 2946 nis
406 2881 552 2960 duobus,
567 2884 740 2947 mensibus
754 2904 830 2961 sex,
845 2884 966 2947 diebus
979 2885 1142 2966 quinque.

592 3056 766 3142 Wilsridus
774 3059 881 3144 pergit
897 3059 1039 3123 Romam.

173 3191 315 3282 prppgpn
387 3174 517 3243 Pulsus
529 3187 644 3244 autem
654 3179 838 3245 Wilsridus
852 3183 896 3245 ab
907 3173 1288 3265 episcopatu²Romam

275 3271 281 3282 ’
336 3277 501 3356 perrexit,
521 3286 557 3342 et
580 3298 695 3343 coram
721 3299 812 3361 papa
836 3279 1021 3362 Agathone
1046 3299 1187 3346 causam
1214 3299 1288 3344 suae

336 3374 552 3455 expulsionis
579 3379 731 3460 allegare
757 3379 950 3461 disposuit3
985 3380 1046 3444 sed
1081 3381 1140 3444 ubi
1162 3398 1287 3444 navem

336 3475 550 3553 conscendit,
566 3477 722 3541 Favonio
737 3477 857 3555 flante,
874 3478 909 3541 in
929 3479 1084 3543 Fresiam
1108 3479 1287 3563 projectus

335 3577 401 3647 est,
416 3574 475 3636 ubi
491 3578 652 3655 gentibus
666 3577 817 3657 regionis
836 3577 930 3641 illius
945 3579 1089 3642 verbum
1104 3577 1185 3642 fidei
1196 3597 1288 3660 prae·

335 3669 494 3748 dicando,
518 3694 634 3755 regem
650 3674 868 3757 Aldegilsum
890 3684 926 3740 et
948 3677 1114 3760 populum
1134 3676 1211 3761 ejus
1236 3677 1289 3740 la·

334 3786 441 3831 vacro
471 3772 581 3836 abluit
610 3774 767 3838 salutari.
820 3775 876 3838 Ibi
911 3796 994 3858 ergo
1023 3776 1180 3860 hyemem
1208 3796 1289 3840 eum

334 3884 426 3929 nova
449 3868 517 3932 Dei
542 3872 641 3952 plebe
667 3893 850 3955 peragens,
877 3874 1025 3939 Romam
1050 3875 1191 3939 tandem
1210 3895 1289 3959 per·

333 3965 442 4041 venit,
466 3986 508 4030 ac
532 3970 590 4033 ubi
611 3991 727 4035 coram
744 3971 932 4055 Agathone
956 3975 1032 4058 ejus
1053 3992 1161 4039 causa
1176 3976 1290 4040 venti·

366 4141 373 4172 ¹
389 4144 509 4211 Agatha]
527 4149 670 4215 According
682 4160 707 4202 to
720 4155 795 4215 Pagi,
856 4153 975 4205 'Rectum
982 4157 1291 4223 paneam-'mmmm
1339 4186 1343 4193 ¹

330 4213 794 4288 hedredtosan.esa:adan.§a.
822 4222 974 4290 §illailla
