3000 5004
389 473 523 519 rnonns
549 473 816 522 urs'ronmsuu.
1014 457 1080 520 495

131 627 282 692 cordiam
312 639 561 694 convenerunt.
615 630 745 694 Eodem
777 649 869 694 anno
909 629 1079 692 Herman—
1091 644 1213 693 enimn

132 745 209 804 nus,
242 727 539 793 Ramesberiensis
562 730 757 812 episcopus,
780 731 891 793 iratus
917 749 959 792 ee
986 730 1079 811 qued

130 845 192 888 rex
208 827 395 892 concedere
420 828 532 892 noluit
545 838 584 892 ut
599 828 715 892 sedem
732 828 962 910 episcopalem
985 828 1077 911 apud

127 923 348 990 salesbiriam
364 926 579 1003 transferret,
604 927 841 1009 episcopatum
863 926 1004 1004 dimisit,
1025 934 1079 992 at·

128 1043 197 1106 qne
208 1018 319 1088 ¹mare
328 1027 499 1089 transiens
513 1026 605 1107 apud
615 1034 773 1089 sanctum
787 1026 966 1089 Bertinum
981 1026 1078 1089 habi·

129 1130 202 1185 tum
218 1125 456 1188 monachalem
469 1125 633 1206 suscepit,
646 1125 816 1207 annisque
826 1125 937 1188 tribus
947 1125 987 1186 in
1002 1125 1078 1206 ipso

128 1224 287 1286 coenobie
304 1223 486 1288 habitavit.
539 1223 678 1286 Primus
695 1222 991 1287 Ramesberiensis
1006 1223 1079 1305 epi-

128 1340 254 1403 scopus
271 1323 408 1387 exstitit
425 1322 661 1399 Ethelstanns,
678 1322 850 1386 secundus
868 1321 958 1397 Ode,
981 1330 1077 1403 pest·

129 1438 171 1482 ea
189 1420 451 1486 cantuariensis
468 1421 758 1503 archiepiscopus,
777 1421 902 1486 tertius
920 1420 1076 1498 Osnlfus,

128 1511 292 1599 'quartus
308 1519 474 1602 Algams,
491 1521 632 1602 quintus
649 1520 827 1597 Elstanus,
848 1527 971 1583 sextus
993 1520 1076 1584 Siri-

130 1617 213 1693 cins,
228 1619 396 1701 septimus
412 1618 576 1696 Altricus,
588 1626 733 1683 octavus
747 1618 1002 1697 Brithweldns3
1021 1618 1076 1683 bic

129 1735 152 1779 a
163 1724 316 1799 tempore
328 1719 421 1800 regis
437 1718 614 1782 Ethelredi
625 1738 735 1801 nsque
749 1718 794 1782 ad
805 1726 965 1782 sanctum
983 1717 1076 1782 Ead-

128 1816 283 1879 wardum
311 1816 460 1881 duravit.
512 1816 568 1881 De
594 1816 659 1881 hoc
692 1837 830 1900 queque
859 1816 1076 1881 Brithwoldo

128 1914 267 1996 legitur,
281 1916 465 1998 quodcum
480 1916 573 1997 regis
590 1915 762 1980 Cnutenis
781 1916 994 1998 temporibus
1011 1916 1077 1979 sre-

128 2023 275 2096 qnenter
297 2017 468 2097 cogitaret
491 2015 534 2078 de
558 2016 656 2096 regia
681 2015 789 2097 stirpe
812 2014 927 2096 gentis
943 2012 1078 2095 Anglo-

128 2132 216 2191 rum,
225 2113 302 2196 jam
319 2134 418 2197 paene
434 2113 560 2190 deleta,
574 2114 604 2177 si
620 2121 712 2178 esset
726 2114 769 2177 de
785 2121 912 2177 caetere
929 2111 1077 2177 redinte-

128 2211 273 2291 granda,
296 2220 398 2276 nocte
420 2209 570 2292 quadam
593 2213 630 2274 in
660 2220 772 2277 stratu
796 2212 970 2276 dormiens
995 2231 1076 2294 rap·

128 2316 185 2372 tus
207 2316 261 2373 est
281 2309 318 2373 in
342 2328 503 2392 superna,
520 2310 580 2373 nbi
593 2310 681 2374 vidit
698 2311 934 2393 apostolorum
950 2311 1078 2393 princi·

128 2427 207 2489 pem
224 2408 379 2486 Petrum,
395 2407 640 2485 Eadwardum,
661 2409 719 2491 qni
737 2429 828 2490 nunc
842 2417 977 2492 regnat,
994 2417 1077 2474 tunc

129 2507 165 2569 in
196 2506 410 2571 Nermannia
439 2507 671 2585 exsulantem,
703 2509 863 2573 manibus
894 2518 1010 2574 tenere
1042 2516 1078 2573 et

129 2625 208 2668 eum
231 2606 268 2669 in
291 2626 406 2689 regem
430 2626 643 2684 consecrare,
663 2614 769 2690 atque
793 2608 951 2672 coelibem
968 2608 1077 2673 vitam

130 2704 226 2767 illum
259 2705 441 2770 ducturum
472 2715 508 2771 et
537 2707 639 2771 annis
667 2707 793 2790 viginti
822 2717 973 2789 quatuor
999 2727 1078 2790 reg-

131 2812 293 2869 naturum
322 2806 485 2871 ostendit.
549 2807 671 2871 Eidem
695 2826 835 2889 quoque
862 2807 1078 2871 Brithwolde

128 2905 297 2984 quaerenti
327 2906 370 2969 de
397 2906 616 2969 successione
644 2925 764 2986 regum
787 2903 928 2987 Angliee
952 2905 1078 2969 dicitnr

127 3020 204 3065 esse
220 3023 435 3087 responsum,
445 3009 455 3036 ⁴
467 3003 629 3083 Regnum
639 3001 779 3084 Angliee
797 3004 864 3067 Dei
879 3010 945 3080 est,
960 3004 1078 3085 etipse

126 3101 194 3163 sibi
209 3120 308 3181 reges
322 3100 540 3182 providebit'
592 3100 815 3163 Hermannus
832 3101 940 3183 igitur
956 3120 1077 3183 supra·

128 3198 242 3263 dictus
257 3198 301 3261 ad
318 3217 419 3261 snum
443 3198 680 3280 episcopatum
700 3218 870 3278 reversus,
885 3219 968 3281 rege
984 3200 1076 3263 Ead-

129 3296 248 3360 wardo
272 3296 493 3372 concedente,
513 3297 749 3379 episcopatum
775 3298 1077 3363 Scireburnensem

127 3416 207 3460 cum
233 3394 512 3460 Ramesberiensi
542 3396 771 3480 conjungens,
793 3397 886 3480 apud
912 3396 1077 3460 Saresbe·

126 3495 213 3558 riam
228 3495 343 3558 sedem
361 3495 539 3560 transtulit
552 3494 796 3560 cathedralem.

336 3666 510 3751 Loeeparm
524 3666 681 3751 episcopeo
688 3665 870 3750 perimitur.

1092 696 1217 744 Κῶν-Νη

178 3787 283 3854 Anne
299 3789 440 3853 Domini
458 3807 559 3856 ucvr.
579 3790 817 3868 EthelstanuS,
839 3788 1076 3854 Herelorden-
1090 3810 1145 3851 no.
1156 3811 1212 3850 rue.

163 4025 590 4092 ¹Maretmmim.]1)uringhis
649 4026 781 4083 'Quartus
798 4028 931 4093 Algam]
951 4028 1005 4077 'l'be
1024 4033 1079 4077 text
1193 4077 1197 4081 ,

127 4097 235 4146 absence
246 4096 288 4145 the
300 4097 474 4147 reewaebeld
486 4100 520 4159 by
530 4098 591 4148 Enl·
614 4098 714 4147 follows
748 4098 925 4159 Malmabnry3
958 4098 1078 4146 Florenee

126 4167 190 4215 dred
207 4166 505 4229 bishopofWoreester;
522 4168 590 4218 Flor.
615 4173 676 4228 puts
697 4167 789 4229 Aliger
817 4168 842 4214 in
871 4168 913 4215 the
935 4166 1000 4227 etth,
1027 4165 1078 4213 and

126 4236 160 4284 ad
171 4250 212 4285 an.
226 4239 297 4285 1⁰⁵8.
615 4237 735 4285 Allhstan
746 4237 772 4284 in
782 4236 824 4284 the
835 4236 918 4285 fourth
930 4237 1011 4298 place.
