3000 5004
363 457 430 524 506
618 476 753 524 nocnru
776 476 824 522 nn
847 475 1056 524 wssunovnn

363 652 477 696 mcum
504 642 653 717 quaeret,
678 642 715 698 et
740 634 919 697 inventum
948 632 1125 697 decentius
1150 633 1258 699 solito
1284 636 1320 699 in

363 732 483 796 eodem
501 732 654 798 oratorio
667 751 872 816 componere
887 752 957 796 non
971 731 1132 796 omittat?
1184 734 1322 817 Exper-

362 831 521 913 gefectus
542 832 661 914 itaque
679 832 915 909 Eadmundus,
932 839 968 896 et
990 832 1183 896 derisione
1203 833 1321 898 laetili·

363 938 476 1007 cutns,
492 950 627 994 summo
642 931 795 996 diluculo
815 930 1012 1014 pontificem
1034 931 1121 996 adiit
1139 940 1177 997 et
1194 933 1318 996 seriem

362 1031 507 1094 visionis
517 1030 568 1094 illi
579 1039 776 1095 reverenter
789 1030 974 1113 expressit.
1007 1030 1175 1095 Pontifex
1187 1041 1318 1109 nutem,

362 1129 418 1194 his
442 1129 583 1207 auditis,
605 1129 769 1194 ineffabili
796 1129 925 1211 gaudio
950 1130 1137 1222 exultavit,
1160 1138 1198 1195 et
1219 1151 1318 1195 reve-

363 1235 480 1293 renter
507 1229 551 1293 ad
582 1230 696 1293 locum
724 1229 867 1292 veniens
901 1229 1068 1312 populum
1096 1229 1246 1294 multum
1273 1231 1316 1295 de

362 1329 521 1410 portibus
543 1329 684 1392 remotis
704 1328 831 1392 ibidem
848 1336 1096 1410 congregatum
1118 1329 1266 1407 invenit,
1280 1338 1317 1394 et

362 1429 406 1490 ud
433 1428 592 1510 praesulis
621 1426 836 1505 mandatum,
863 1427 958 1491 facte
984 1428 1029 1491 ab
1053 1428 1212 1492 omnibus
1239 1448 1318 1493 oru-

362 1527 468 1605 tione,
499 1526 642 1591 oratorii
672 1527 909 1609 pavimentum
944 1525 1060 1590 fodere
1095 1527 1316 1609 incipientes,

361 1627 472 1690 multo
494 1626 562 1690 diei
584 1627 699 1708 spatio
721 1627 874 1702 evoluto,
897 1624 983 1688 nihil
999 1625 1187 1708 quaerendo
1208 1627 1315 1709 profi·

361 1726 479 1803 cinnt;
517 1744 621 1807 porro
657 1725 823 1790 confusus
855 1724 1080 1788 Eadmundus
1111 1725 1154 1788 de
1186 1726 1317 1810 injuria

360 1823 484 1900 sancti,
512 1830 656 1905 eccepto
684 1824 814 1905 ligone,
843 1824 880 1887 in
902 1823 993 1901 loco,
1018 1825 1078 1887 ubi
1103 1843 1224 1889 omnes
1253 1825 1313 1890 diu

360 1922 531 1999 foderant,
554 1923 708 1987 animose
733 1931 861 1987 terram
889 1923 1072 2005 percussit,
1095 1931 1131 1987 et
1151 1924 1225 1988 ictu
1248 1926 1313 1990 ite·

360 2030 437 2086 rato
462 2022 627 2086 laminam
653 2022 842 2104 sepulturae
866 2021 1020 2099 offendit,
1045 2029 1092 2099 et,
1116 2022 1231 2104 lupide
1258 2045 1314 2088 re-

358 2122 472 2199 vulso,
488 2122 661 2204 pretiosas
679 2121 845 2203 reliquias
870 2119 1025 2202 gaudens
1046 2121 1193 2186 invenit.
1243 2122 1313 2188 Le-

358 2229 461 2283 vatur
486 2221 595 2301 igitur
616 2240 638 2284 u
659 2220 808 2303 praesnle
835 2239 961 2302 corpus
985 2221 1255 2299 sanctissimum,
1276 2231 1314 2288 et

358 2319 513 2402 ejusdem
544 2320 704 2403 praesulis
739 2321 899 2384 manibus
935 2319 1044 2383 lotum
1080 2327 1116 2383 et
1152 2321 1311 2402 syndone

357 2418 487 2483 munda
511 2419 707 2484 involutum
738 2420 774 2482 in
806 2420 883 2484 loco
910 2417 1126 2483 eminentiori
1154 2419 1313 2486 ecclesiae

356 2516 543 2582 honorifice
570 2527 623 2583 est
649 2518 824 2597 locatum3
854 2518 969 2582 lotura
997 2536 1135 2600 quoque
1159 2522 1311 2584 sunctis-

355 2615 433 2678 simi
462 2618 618 2697 corporis
649 2619 684 2681 in
717 2618 847 2700 angulo
879 2617 1035 2694 oratorii,
1058 2618 1221 2700 episcopo
1248 2619 1310 2702 ju-

355 2715 470 2789 bente,
486 2713 596 2778 effusa
615 2716 734 2780 multis
756 2725 879 2799 postea
898 2735 967 2780 non
983 2717 1095 2779 solum
1111 2716 1308 2783 hominibus

354 2812 414 2876 sed
445 2813 550 2877 etium
585 2816 792 2880 animalibus
822 2814 963 2899 profuit,
992 2815 1091 2898 cujus
1122 2817 1239 2898 pulvis
1270 2819 1308 2882 in

353 2931 445 2995 aqua
467 2912 564 2976 susus
586 2921 622 2977 et
643 2923 784 2997 potatus
806 2915 934 2978 multos
956 2933 978 2978 a
999 2915 1106 2978 variis
1128 2916 1309 2998 languori·

353 3013 418 3075 bus
444 3012 610 3077 liberatos
640 3014 795 3095 pristinae
827 3014 980 3077 restituit
1006 3015 1160 3078 sanitati.
1213 3015 1309 3081 Actu

354 3120 470 3175 autem
491 3121 574 3177 sunt
600 3112 674 3176 haec
696 3113 908 3194 upassionis
929 3113 1005 3196 ejus
1029 3132 1120 3177 enno
1139 3115 1306 3196 quadrin-

352 3212 544 3292 gentesimo
561 3212 832 3294 quartodecimo,
850 3213 972 3295 quinto
989 3212 1066 3276 idus
1085 3212 1219 3279 Martii.

412 3383 461 3447 De
475 3383 607 3468 quodam
621 3385 772 3449 miraculo
789 3385 976 3471 capillorum
990 3387 1092 3450 suncti
1108 3388 1238 3453 Oswiui.

265 3539 283 3569 ο.
401 3508 424 3572 J
428 3501 560 3572 udithe¹
582 3509 770 3587 comitissa,
797 3529 888 3573 uxor
911 3509 1037 3586 Tostii,
1060 3530 1139 3592 quae
1160 3512 1206 3574 ab
1229 3513 1304 3595 cpi-

351 3626 455 3690 scopo
473 3608 517 3671 ad
535 3608 624 3671 benc
640 3609 873 3673 inventionem
889 3609 1049 3691 pergenti
1064 3609 1219 3691 aliquam
1236 3611 1304 3674 sibi
1393 3600 1400 3613 ’

349 3706 393 3770 de
406 3709 536 3771 sanctis
556 3708 711 3790 reliquiis
729 3709 984 3790 portiunculam
1003 3708 1080 3772 duri
1098 3709 1303 3791 postulave-

350 3814 417 3883 rat,
432 3826 477 3869 ex
497 3807 632 3889 capillis
654 3809 767 3872 sancti
789 3809 950 3891 martyris
965 3809 1104 3891 penitus
1122 3808 1305 3893 incorrup-

349 3906 407 3982 tis,
430 3925 475 3968 ex
495 3905 585 3969 dono
604 3907 726 3988 ipsius,
748 3926 908 3986 magnam
929 3909 1122 3990 portionem
1144 3911 1302 3992 accepit3

347 4025 426 4087 quae
449 4007 629 4088 quosdam,
654 4013 779 4070 sancte
804 4007 988 4072 devotione
1010 4007 1164 4085 inducte,
1192 4009 1303 4074 voluit

459 4251 465 4280 ¹
478 4253 605 4317 deditio]
623 4254 747 4317 Compare
758 4255 800 4306 the
811 4257 855 4306 lise
867 4257 901 4319 by
909 4256 1053 4321 capgrave,
1063 4257 1147 4308 cclvii.
1159 4258 1183 4308 b.
