2932 4980
341 456 407 519 lus
600 471 735 519 socrui
758 472 807 521 ns
829 472 1043 527 wmtuern

341 627 421 691 culo
452 628 636 692 commissa
669 628 765 693 luere
796 640 929 713 posset.
979 630 1164 712 Qunam
1202 640 1329 728 itaque

342 739 443 792 nocte
457 728 540 792 dum
555 729 590 791 in
607 738 721 793 strato
743 748 809 792 suo
823 731 1020 813 quiesceret
1041 738 1192 805 emim
1206 752 1266 807 est
1281 744 1327 807 ad

340 848 419 891 eum
431 848 501 891 vox
515 828 651 892 caelitus
664 828 797 905 dicens,
809 835 821 863 ‘
834 829 999 909 Maurici,
1016 836 1126 901 unde
1147 848 1190 905 te
1208 852 1324 909 etur-

340 947 435 991 orem
457 938 553 991 tuam
576 927 819 992 Constantiam
842 949 922 994 cum
943 935 1068 1014 pueris
1084 934 1234 1005 Plrooe
1256 944 1322 1007 mi-

341 1028 416 1090 liti!
476 1027 753 1109 Expergesactus
778 1041 897 1093 nutem
924 1032 1095 1113 quaesirit
1117 1056 1145 1102 a
1173 1042 1269 1119 suis,
1289 1044 1320 1107 si

341 1128 468 1189 scireut
484 1127 626 1191 militem
645 1128 736 1190 inter
752 1130 892 1209 agmina
914 1148 979 1193 sua
995 1130 1167 1201 Piraeum
1191 1142 1318 1225 appel.

340 1227 470 1304 latum;
494 1235 529 1290 at
553 1225 616 1301 illi,
631 1225 789 1289 ‘Scimus
799 1227 821 1307 ;’
845 1236 881 1292 et
898 1228 970 1303 ille,
986 1228 1133 1315 ‘Cujus
1149 1248 1213 1303 est
1229 1260 1315 1323 qua-

341 1327 449 1390 litatis
463 1327 494 1389 l’
555 1324 627 1403 Qui
661 1325 838 1403 dixerunt,
868 1326 1043 1393 ‘Juveuis
1074 1336 1245 1403 tumidus
1278 1350 1314 1405 et

341 1424 565 1489 temerarius?
607 1424 707 1488 Tunc
723 1424 922 1507 Augustus,
937 1430 1117 1495 somnium
1132 1454 1247 1501 suum
1259 1460 1312 1503 m-

340 1526 463 1601 ferens,
490 1525 707 1606 glorificabat
734 1526 916 1607 magnifice
939 1526 1057 1593 Deum
1084 1551 1156 1614 pru
1184 1534 1309 1621 hujus-

339 1626 433 1687 modi
447 1626 590 1689 visione.
642 1623 729 1688 Post
755 1624 830 1689 lraec
853 1633 971 1690 autem
992 1628 1029 1691 iu
1057 1638 1161 1699 terra
1187 1635 1308 1703 hostili

339 1725 486 1807 positus,
507 1744 585 1788 eum
607 1724 735 1787 milites
751 1744 836 1789 suos
860 1725 952 1789 ferro
970 1734 1006 1791 et
1030 1732 1173 1811 rapinis
1195 1736 1306 1802 aheni.

339 1844 420 1887 nere
447 1824 681 1907 compelleret,
709 1844 772 1888 nec
806 1834 921 1888 tamen
946 1826 997 1889 eis
1027 1842 1209 1899 consuetu
1241 1838 1305 1901 sti·

338 1925 464 2008 pendia
487 1925 710 1999 ministraret,
725 1923 880 1988 Phocum
901 1944 1026 2006 rogare
1048 1944 1245 2014 coeperunt
1264 1946 1304 2001 ut

338 2026 472 2107 imperii
507 2043 611 2107 super
644 2044 704 2087 eos
737 2025 891 2106 regimen
919 2038 1132 2110 usurparet3
1174 2035 1303 2117 quibus

339 2125 477 2189 Phocas
491 2124 666 2200 obediens,
684 2143 872 2206 purpuram
888 2126 1108 2208 imperialem
1130 2136 1301 2219 suscepit.

338 2224 441 2304 Quod
454 2224 597 2287 audiens
612 2224 806 2289 Mauricius
819 2226 936 2289 auimo
949 2225 1164 2309 dissolutus,
1180 2236 1302 2300 rebus·

338 2346 405 2408 que
421 2325 604 2388 adversum
620 2344 658 2387 se
673 2323 861 2388 fluentibus
877 2326 994 2403 cessit,
1007 2336 1044 2391 ct
1061 2328 1100 2393 iu
1118 2334 1299 2414 quandam

336 2426 461 2489 silvam
486 2424 573 2486 mari
594 2426 796 2504 contiguam
815 2424 917 2506 sugit,
934 2426 971 2488 in
993 2445 1066 2509 qua
1079 2448 1165 2495 cum
1189 2454 1301 2499 uxore

336 2534 372 2589 et
388 2526 540 2606 quinque
564 2522 643 2586 filiis
662 2523 765 2605 jussu
783 2523 912 2588 Phocae
927 2523 1080 2590 Caesaris
1103 2530 1301 2619 iuteremp-

337 2634 394 2687 tus
414 2634 479 2686 est.
533 2617 687 2687 ¹Phocas
707 2643 790 2705 ergo
814 2623 1011 2689 Romanum
1033 2626 1216 2697 invadens
1238 2637 1301 2701 im-

336 2723 481 2805 perium,
499 2722 598 2786 annis
613 2732 691 2786 octo
706 2723 902 2806 imperarit.

386 2895 428 2960 t't
442 2893 545 2961 beaten
561 2895 726 2980 Greporius
743 2896 880 2980 ijeni
886 2896 1047 2981 principis
1065 2900 1216 2969 unimur
1231 2928 1256 2971 a

568 2996 672 3080 ponis
690 2994 896 3079 infernalibus
909 2996 1037 3081 crispini.

176 3145 231 3186 nn.
240 3146 285 3183 as.
385 3121 492 3187 Anno
505 3121 630 3203 gratias
648 3138 728 3196 ocu,
744 3122 804 3202 qui
815 3130 869 3184 est
885 3140 996 3184 annus
1010 3121 1153 3205 imperii
1167 3126 1300 3197 Phoeae

174 3195 520 3301 lwd‘secundus,
539 3222 662 3284 beatus
680 3239 772 3302 papa
786 3219 979 3302 Gregorius
994 3241 1040 3284 ex
1057 3221 1127 3288 hac
1140 3228 1221 3294 vita
1236 3231 1299 3295 mi-

172 3296 258 3346 m
336 3325 452 3405 gravit
466 3322 510 3387 ad
523 3322 724 3384 Dominum.
748 3319 820 3383 Hic
831 3321 1018 3383 virbeatus
1028 3321 1147 3389 adhuc
1158 3328 1298 3409 vivens,

335 3443 413 3486 cum
441 3434 595 3505 tempore
618 3421 768 3503 quodam
790 3414 871 3502 ²per
888 3420 1000 3484 forum
1022 3420 1175 3505 Trajani
1201 3432 1298 3511 prin.

335 3524 433 3605 cipis,
450 3521 543 3605 quod
559 3523 633 3602 ipse
651 3519 807 3583 edificiis
822 3520 1062 3602 pulcherrimis
1076 3522 1217 3591 dudum
1234 3550 1294 3595 ve-

336 3631 506 3697 nustarat,
525 3621 725 3702 procedens,
736 3621 860 3704 judicii
876 3622 953 3703 eJus
967 3640 1036 3703 quo
1051 3621 1199 3691 viduam
1214 3648 1298 3696 con-

335 3722 469 3784 solatus
486 3720 599 3783 suerat
614 3720 863 3796 recordaretur,
879 3740 943 3802 pro
958 3728 1056 3784 tanta
1069 3721 1298 3807 imperaton's

336 3820 600 3884 mansuetudine
619 3831 812 3884 commotus
829 3821 874 3883 ad
889 3821 1002 3884 sancti
1019 3819 1117 3885 Petri
1139 3831 1297 3911 apostoli

370 3994 506 4059 wama]
535 3998 576 4046 Hc
595 4014 650 4047 was
665 3997 796 4045 behended
822 3997 1093 4047 JolrauuesDiucouus
1106 4000 1133 4049 iu
1145 4002 1219 4054 their
1233 4008 1298 4059 lives

334 4070 366 4130 by
378 4069 522 4130 Heraclius,
534 4069 574 4117 his
585 4069 653 4130 right
661 4068 728 4116 hand
737 4068 797 4115 hav·
822 4068 851 4115 oi
860 4068 1104 4129 Gmgom·.pmtixed
1116 4075 1145 4119 to
1157 4074 1203 4124 the
1211 4076 1298 4129 fourth

334 4142 377 4202 ing
394 4142 455 4189 been
467 4142 520 4188 lirst
531 4147 574 4188 cut
585 4140 628 4199 oli,
639 4145 653 4186 5
666 4140 725 4187 Oct.
738 4142 795 4186 oro.
822 4139 921 4186 volume
933 4138 962 4185 os
970 4138 1010 4185 his
1017 4137 1172 4199 vvorlrs,but
1183 4150 1297 4210 ήκω

367 4209 378 4241 ²
401 4212 453 4259 Per
466 4210 552 4268 sorum
578 4209 714 4271 bnjand]
742 4208 809 4257 Thes
822 4209 851 4269 b,
869 4208 1053 4256 llaroniusaud
1065 4208 1110 4260 tlre
1122 4212 1298 4271 Benedicfiu

333 4296 401 4329 same
419 4283 442 4329 is
458 4279 554 4330 related
574 4281 607 4341 by
627 4280 727 4328 Paulus
745 4279 809 4343 und¹
821 4279 916 4327 editors
927 4292 956 4327 as
967 4278 1096 4330 fabulum.
