3000 5004
349 429 413 494 184
604 445 738 491 nocant
763 445 810 491 nn
833 443 1039 492 wanoovaa

431 593 563 662 Culmen,
577 614 654 671 opes,
669 593 804 663 sobolem,
817 593 953 671 pollentia
965 611 1063 669 regna,
1076 588 1245 668 triumphos,

473 689 600 746 Eximios
613 709 753 766 proceres,
767 691 881 758 moenia,
895 698 996 757 onena,
1011 688 1094 756 lares,

437 787 565 860 Quaeque
578 795 691 862 patrum
703 787 794 842 virtus
807 794 836 842 et
849 804 914 861 qua
928 792 1109 859 congesserat
1121 782 1192 860 ipse,

472 880 616 940 cedwalla
629 882 801 958 armipotens
814 881 897 957 liquit
910 899 1006 938 amore
1019 879 1085 936 Dei.

202 1039 216 1068 a
232 1038 280 1068 me·
352 1009 528 1075 Successit
553 1001 669 1072 autem
696 1007 881 1072 Cedwallae
907 1007 942 1092 in
968 1026 1113 1088 regnum
1141 1003 1302 1068 occiden-

352 1109 473 1172 talium
498 1107 677 1171 Saxonum
701 1101 796 1183 ¹Ine,
822 1107 865 1170 de
892 1108 1000 1188 stirpe
1027 1105 1134 1186 regia,
1156 1103 1303 1184 triginta

352 1216 486 1290 septem
514 1207 626 1283 annis,
658 1208 718 1289 qui
742 1204 809 1268 suit
837 1205 928 1268 filius
961 1203 1128 1281 Kenredi,
1153 1202 1214 1284 qui
1236 1202 1303 1264 fuit

354 1305 554 1383 Ceolwaldi,
585 1305 643 1387 qui
673 1305 739 1368 suit
765 1304 873 1368 srater
905 1302 1115 1379 Kinewaldi,
1146 1301 1206 1382 qni
1235 1299 1302 1363 fuit

354 1405 544 1480 Cuthwini,
566 1405 627 1485 qui
649 1403 714 1467 suit
737 1403 907 1480 ceaulini,
932 1410 968 1466 et
989 1403 1044 1465 sic>
1062 1399 1303 1465 adscendendo

353 1524 463 1586 usque
485 1504 528 1567 ad
546 1502 692 1567 Woden.
745 1503 877 1567 Eodem
899 1520 990 1565 anno
1007 1498 1199 1564 Gausridus
1222 1497 1303 1562 Mo-

354 1602 576 1678 nemutensis,
598 1609 721 1683 postea
743 1603 927 1683 episcopus
948 1601 1061 1664 sancti
1077 1597 1212 1680 Asaph,
1234 1596 1305 1661 his·

354 1702 478 1764 toriam
512 1701 707 1777 Britonum,
735 1721 840 1783 quam
868 1702 912 1764 ab
940 1699 1076 1763 excidio
1101 1696 1219 1780 Trojae
1249 1697 1304 1759 in-

354 1799 506 1873 choavit,
533 1800 730 1862 terminavit
747 1799 812 1862 hoc
833 1799 954 1877 mod03
983 1796 1171 1880 ‘Expulsis
1188 1795 1233 1858 ab
1250 1795 1304 1857 in·

354 1897 433 1959 sula
455 1917 476 1959 a
498 1897 696 1960 Saxonibus
722 1898 913 1975 Britannis,
930 1897 1095 1961 Walliam
1117 1896 1304 1978 petierunt,

355 1997 413 2059 ubi
431 2016 452 2059 a
470 1996 673 2058 Britannica
696 1997 876 2061 nobilitate
898 1995 1110 2077 degenerati,
1131 2013 1202 2056 non
1224 1992 1307 2055 Bri-¹

355 2101 454 2158 tonos
484 2094 544 2159 sed
568 2094 764 2158 Wallenses
793 2095 960 2179 appellati
991 2101 1093 2174 sunt3
1121 2110 1247 2155 nomen
1282 2110 1306 2154 a

357 2193 519 2257 wallone
534 2194 621 2257 duce
643 2214 774 2270 eorum,
790 2196 865 2258 sive
884 2213 907 2257 a
923 2194 1053 2257 Galaes
1075 2191 1208 2273 regina,
1230 2191 1305 2254 sive

356 2311 378 2355 a
398 2293 556 2356 barbarie
579 2300 771 2357 traxerunt.
824 2293 941 2374 Reges
963 2300 1079 2357 autem
1098 2309 1229 2365 eorum,
1246 2290 1306 2370 qui

357 2392 401 2454 ab
417 2391 478 2455 illo
493 2399 646 2473 tempore
663 2394 699 2455 in
714 2391 845 2456 Wallia
860 2398 1113 2467 successerunt,
1127 2388 1308 2453 Caradoco

357 2489 638 2553 Lancarbanensi
662 2499 951 2574 contemporaneo
974 2511 1051 2555 meo
1079 2488 1124 2552 ad
1152 2489 1307 2552 scriben-

357 2588 439 2650 dum
463 2590 651 2651 committo.
703 2589 821 2671 Reges
842 2609 925 2654 vero
944 2589 1122 2654 Saxonum
1142 2586 1306 2651 Wilelmo

359 2685 668 2763 Malmesberiensi,
685 2695 720 2751 ct
739 2688 893 2752 Henrico
912 2687 1216 2763 Huntendunensi,
1228 2687 1305 2768 qni·

358 2785 423 2847 bus
443 2785 485 2847 de
505 2786 644 2865 regibus
665 2787 846 2850 Britonum
866 2797 980 2852 tacere
996 2788 1117 2872 jubeo,
1138 2805 1217 2849 cum
1235 2803 1305 2848 non

359 2881 509 2947 habeant
524 2885 648 2948 librum
664 2886 858 2949 Britannici
873 2888 1053 2963 sermoniS,
1070 2905 1172 2969 quem
1187 2878 1307 2949 ‘Wal-

358 2989 465 3058 terus,
481 2982 772 3048 Oxenefordensis
788 2986 1061 3062 archidiaconus
1072 2985 1114 3047 de
1123 2983 1308 3047 Britannia

359 3082 481 3145 minori
497 3082 651 3160 advexit,
668 3103 770 3165 quem
786 3085 829 3147 do
846 3085 991 3148 historia
1003 3104 1121 3149 eorum
1139 3083 1309 3147 veraciter

358 3180 488 3243 editum
509 3181 545 3243 in
565 3181 728 3245 honorem
751 3185 944 3266 principum
967 3184 1220 3265 predictorum,
1242 3181 1308 3244 hoc

359 3279 460 3342 modo
476 3280 512 3343 in
530 3280 694 3344 Latinum
710 3301 900 3346 sermonem
918 3283 1105 3347 transferre
1122 3280 1266 3345 curavi!

371 3448 552 3529 Theodorus,
570 3453 803 3519 Cantauriaaia
816 3456 1071 3544 archiepiscopus,
1086 3459 1167 3522 daem
1181 3457 1294 3523 clausit

746 3565 920 3620 ectrernam.

409 3668 513 3733 Anno
531 3674 654 3752 gratiae
678 3692 787 3739 nexo.
804 3671 1036 3757 ³The0d0rus,
1051 3682 1163 3746 beatae
1181 3702 1309 3747 memo·

360 3767 432 3842 riae,
450 3766 712 3835 Cantuariensis
727 3775 1018 3859 archiepiscopus,
1036 3780 1158 3861 plenus
1175 3781 1308 3846 dierum

362 3886 1307 3909 *Ἢ

390 3939 398 3971 ¹
415 3942 481 4006 Ina]
503 3943 622 3995 Florence
639 3949 689 3997 and
706 3950 748 3999 the
760 3952 820 4002 Sax.
831 3951 834 4001 ἓ
845 3954 913 4002 often
925 3957 988 4004 been
999 3956 1158 4008 oonsounded
1168 3958 1232 4008 with
1238 3959 1309 4010 wn-

360 4009 530 4075 chronplace
538 4014 577 4062 hir
586 4019 715 4067 accession
724 4022 749 4068 in
757 4025 822 4083 688;
845 4027 883 4072 ter
895 4025 996 4085 Mapes.
1032 4027 1098 4088 Pits,
1109 4044 1135 4089 p.
1146 4033 1201 4081 las.

359 4095 402 4129 see
413 4081 504 4141 below,
518 4083 549 4131 ad
562 4098 603 4133 an.
616 4090 673 4136 Μ.
881 4091 1306 4173 ³rteouom...ptemutm]

381 4148 820 4226 'WolterasOxenesorttemia]This
846 4144 1305 4240 Hewaseightyeightyemosagi,

359 4234 414 4268 was
433 4221 530 4272 Walter
547 4222 677 4288 Calenius,
694 4227 751 4276 who
773 4228 819 4278 has
845 4230 925 4292 Beda,
936 4230 949 4298 ᾗ
961 4235 1017 4283 au.
