3000 5004
414 460 554 509 rnonns
576 460 848 511 uisroarnnuu
1042 447 1108 512 199

153 616 312 692 setensis,
323 615 561 694 Berrucensis,
574 615 888 702 [Somou-setensis]
908 620 1107 686 Devonien·

153 717 214 792 sis,
226 715 485 781 cornubiensis.
517 717 725 782 Scireburnu
742 726 858 783 autem
871 720 1006 784 viculus
1018 720 1106 786 adeo

153 816 256 879 exilis
284 823 349 891 est,
376 816 469 898 quod
502 817 626 881 mirum
654 817 792 882 videtur
818 839 881 901 per
907 826 961 885 tot
987 821 1107 885 secula

154 915 278 978 ibidem
298 916 536 998 episcopatum
554 917 706 980 durasse.

179 1113 222 1177 Ut
237 1135 291 1177 rec
308 1113 379 1195 Offo
394 1112 594 1178 orientolium
609 1115 767 1178 Senonum
781 1115 885 1179 Romo
898 1115 1079 1181 camelum

552 1213 701 1277 induerit.
743 1218 746 1222 ’

205 1333 311 1400 Anno
328 1336 452 1418 gratiae
472 1352 576 1401 cccv,
593 1330 855 1414 'Atheldredus
876 1357 938 1400 rex
958 1337 1107 1402 Marcio*
1120 1357 1230 1398 nnuc.

155 1454 244 1513 rum,
268 1444 452 1519 postquam
478 1437 579 1500 annis
603 1437 748 1519 triginta
770 1438 1005 1501 strenuissime
1029 1457 1106 1519 reg·
1120 1409 1227 1498 iffi.

57 1614 59 1618 Α
156 1553 237 1597 num
266 1536 447 1612 tenuisset,
471 1536 661 1600 monachus
682 1535 835 1613 effectus,
861 1535 954 1619 apud
975 1536 1107 1600 Barde·

157 1635 269 1698 nciam
287 1635 471 1698 defunctus
487 1642 552 1712 est,
571 1643 607 1699 et
621 1634 747 1699 ibidem
764 1636 933 1717 sepultus.
972 1634 1110 1701 Habuit

156 1753 218 1798 rex
235 1734 321 1798 duas
339 1753 474 1799 sorores
485 1735 637 1817 virgines
649 1729 1109 1812 sanctissimas,²Kinesdri-

157 1832 236 1897 dam
253 1841 289 1898 et
307 1833 574 1911 Kineswitbam,
592 1836 712 1898 ambas
729 1836 773 1898 ab
791 1835 937 1899 infantia
959 1835 1036 1898 Deo
1056 1835 1109 1898 di-

157 1941 266 2011 catas,
277 1952 355 2016 quae
373 1933 488 1997 nobile
501 1934 714 2015 virginitatis
727 1934 943 2016 propositum
960 1933 1109 1998 nobilius

156 2032 394 2115 perduxerunt
416 2033 460 2096 ad
482 2033 638 2111 senium;
673 2033 734 2097 sed
756 2033 888 2116 junior,
911 2053 978 2098 non
1001 2034 1110 2097 solius

157 2151 221 2196 sua
242 2133 355 2196 salute
375 2138 549 2206 contenta,
565 2126 711 2209 ³Ollam,
726 2151 891 2214 sponsum
910 2151 1023 2209 suum,
1041 2152 1108 2196 cae·

157 2232 238 2295 lesti
267 2251 373 2313 regno
403 2232 567 2296 restituit.
621 2231 799 2312 Regnavit
827 2238 943 2294 autem
972 2231 1052 2296 offa
1073 2233 1110 2295 in
1122 2246 1262 2339 fflnsof

157 2351 264 2413 regno
290 2330 508 2395 orientalium
531 2329 711 2395 Saxonum
730 2337 811 2412 post
827 2329 1055 2412 Sigehardum
1075 2339 1111 2396 et
1192 2326 1198 2338 ’

158 2429 362 2494 Seufredum
379 2431 499 2512 paucis
522 2430 635 2506 annis,
657 2429 859 2494 adolescens
871 2430 1016 2512 jocundi
1032 2429 1109 2494 vul-

158 2538 228 2607 tus,
251 2537 356 2593 aetate
372 2529 527 2606 floridus,
546 2528 639 2611 apud
655 2529 749 2593 cives
771 2548 854 2592 suos
872 2530 1034 2594 maximae
1056 2529 1109 2594 di-

157 2629 326 2705 lectionis,
342 2630 400 2712 qui
419 2629 649 2693 Kineswithae
665 2629 821 2712 praefatae
838 2628 989 2706 hortatu,
1009 2630 1110 2714 cujus

158 2730 298 2811 nuptias
319 2729 381 2792 illa
402 2736 592 2812 spreverat,
614 2728 771 2793 eaelestes
793 2729 967 2811 suspirare
986 2729 1111 2793 doctus

158 2847 306 2905 amores,
331 2822 500 2892 ⁴Romam
520 2828 686 2911 perrexit,
711 2828 828 2911 ibique
853 2835 1014 2892 attonsus
1042 2848 1109 2893 cae·

158 2928 226 2991 lica
249 2947 355 3009 regna
379 2927 525 2992 devotus
548 2928 759 2992 conscendit.
812 2925 949 2991 Harum
971 2935 1109 2991 sancta·

160 3046 235 3090 rum
274 3028 448 3109 virginum
485 3026 640 3109 reliquiae
677 3025 769 3109 apud
797 3025 1111 3102 Medesbamstedo,

160 3145 238 3209 quae
257 3125 341 3190 villa
358 3126 460 3190 modo
477 3126 657 3208 ‘Burgum
673 3127 785 3189 saneti
804 3123 921 3188 Petri’
937 3125 1074 3200 dicitur,
1089 3144 1112 3187 a

160 3224 290 3307 populo
317 3225 464 3290 feliciter
490 3230 710 3289 venerantur.
764 3223 895 3287 Eodem
928 3243 1019 3288 anno
1048 3243 1112 3287 rex

161 3322 196 3388 N
198 3324 548 3388 orthanbumbrorum
565 3319 739 3388 ⁵Alfridus
756 3323 854 3400 obiit,
870 3322 926 3386 cui
946 3322 1114 3386 successit

196 3563 203 3593 ¹
215 3565 524 3628 Atbeldredus.]TheSax.
532 3565 627 3616 Chron.
687 3559 697 3589 ⁴
709 3564 811 3611 Romam
817 3557 954 3629 perrexit]
971 3562 1025 3610 'l'he
1037 3576 1114 3624 expo·

161 3636 247 3698 places
260 3635 303 3684 the
314 3636 458 3684 abdicatiou
466 3635 495 3684 ol
507 3634 627 3684 Ethelred
651 3633 730 3682 ditiou
749 3632 778 3681 of
794 3631 926 3681 Cdemaed
946 3632 996 3680 aud
1012 3631 1072 3681 oua
1088 3638 1114 3680 to

160 3708 186 3754 in
204 3709 262 3755 70-1.
299 3704 341 3754 He
360 3719 416 3754 vas
433 3704 576 3754 succeeded
592 3705 627 3765 by
652 3703 731 3752 Rome
748 3704 771 3751 is
791 3701 882 3764 placed
899 3703 933 3763 by
950 3701 1070 3751 Florence
1087 3702 1113 3750 ln

161 3774 320 3837 bisnepbew
332 3774 473 3824 Cdeurued.
651 3776 709 3835 708,
725 3772 760 3833 by
770 3771 812 3820 the
829 3772 890 3821 Sex.
906 3771 1000 3822 Chron.
1017 3773 1044 3819 in
1056 3775 1114 3833 700,

194 3865 384 3916 rffimffm
391 3871 415 3916 η
423 3867 626 3930 mmmm]
650 3842 701 3890 and
712 3842 795 3891 below
806 3843 832 3890 in
844 3844 902 3890 710.
938 3841 1021 3904 Beda,
1032 3841 1057 3889 in
1074 3841 1114 3891 bis

161 3936 238 3986 Their
255 3936 319 3985 lim
338 3951 381 3985 af„
398 3937 499 3999 printed
515 3939 542 3985 in
559 3937 627 3999 Cap·
650 3912 769 3973 epitome,
784 3911 871 3992 places
887 3911 907 3959 it
923 3911 949 3958 in
961 3915 1018 3973 709,
1028 3910 1113 3960 which

162 4021 250 4070 grave,
261 4006 306 4056 101,
317 4007 404 4057 miii
650 3982 773 4042 probably
784 3995 807 4029 rs
815 3980 857 4028 the
868 3984 964 4029 correct
973 3980 1042 4029 date.
1066 3980 1115 4028 See

196 4098 207 4129 ⁸
574 4101 580 4112 ,
653 4051 729 4113 Pagi,
740 4050 773 4099 ad
785 4064 826 4100 an.
838 4054 896 4112 700,
908 4047 921 4114 5
932 4055 956 4099 5.

220 4099 306 4164 offam
314 4099 627 4163 sponsum.]l(ynesw1tbu

162 4185 217 4220 was
228 4168 371 4233 betrothed,
386 4172 433 4219 but
449 4175 493 4219 not
508 4170 627 4232 married,
687 4165 849 4230 Mitrida]
868 4167 910 4215 He
927 4166 988 4215 died
1005 4171 1031 4215 at
1046 4164 1117 4215 Dril-

166 4247 192 4290 to
204 4238 272 4291 offa.
652 4237 712 4286 field
723 4253 730 4298 3
747 4238 809 4288 Sar.
821 4235 916 4287 Chron.
929 4237 963 4285 ad
974 4250 1016 4286 an.
