3000 5004
352 459 419 523 466
610 473 742 521 nocurrr
767 474 816 519 ns
838 471 1045 519 wssoovsa

190 648 326 689 marn
354 630 478 696 thedra
502 631 663 694 Romana
684 631 787 693 annis
809 649 933 693 novem
960 637 995 692 et
1012 627 1157 692 totidem
1178 628 1309 690 mensi·

191 699 312 739 estw-

192 750 241 790 nh.

355 733 433 795 bus.
485 731 615 793 Eodem
643 749 736 793 anno
752 729 881 804 Cnuto,
906 749 970 792 rex
991 726 1200 809 Anglorum,
1216 720 1309 790 'cor-

356 850 422 913 pus
458 831 550 892 beati
583 829 698 909 Elsegi
730 829 980 910 archiepiscopi
1016 826 1109 910 apud
1146 834 1308 890 sanetum

358 929 507 992 Paulum
525 929 561 992 in
579 928 662 991 urbe
679 927 935 991 londoniarum
949 928 1123 1009 sepultum
1139 920 1307 1007 ²propriis

357 1030 517 1092 manibus
537 1028 680 1104 levarit,
702 1028 798 1092 etad
822 1028 1004 1090 ecclesiam
1021 1026 1308 1090 cantuariensem

358 1127 565 1192 translatum
590 1126 675 1189 illud
699 1127 781 1190 iecit
803 1127 928 1190 ibidem
946 1126 1169 1189 veneratione
1190 1125 1308 1187 dehita

359 1228 510 1311 sepeliri.
563 1226 621 1290 Ita
644 1228 781 1309 quidem
812 1228 941 1302 omnia,
965 1245 1044 1308 quae
1066 1224 1121 1288 vel
1147 1226 1225 1307 ipse
1255 1223 1309 1287 vei

359 1329 435 1411 eJus
450 1336 686 1391 antecessores
698 1326 927 1408 deliquerant,
942 1327 1115 1407 corrigere
1134 1325 1311 1398 studebat,

359 1434 400 1490 ut
427 1427 553 1508 prioris
581 1426 762 1508 injustitiae
793 1446 933 1488 naernur
965 1434 1037 1488 tam
1071 1425 1164 1508 apud
1194 1424 1309 1486 Deum

359 1544 464 1608 qnam
479 1524 572 1608 apud
596 1524 750 1589 homines
772 1527 971 1607 abstergere
992 1532 1150 1602 curaret3
1176 1522 1312 1604 Anglos

359 1644 499 1707 quoqne
523 1644 654 1701 ornnes,
681 1625 812 1687 Emmae
834 1626 964 1706 reginas
985 1624 1139 1698 hortatu,
1165 1623 1233 1685 sihi
1258 1641 1311 1684 re-

359 1724 545 1786 conciliare
566 1724 721 1799 studens,
736 1725 846 1788 multa
858 1726 910 1787 eis
926 1723 1070 1787 donaria
1092 1722 1255 1796 contulit,
1277 1729 1312 1784 et

359 1822 501 1902 insuper
521 1824 630 1884 bonas
658 1822 752 1902 leges
782 1825 942 1887 omnibus
964 1831 1000 1886 et
1026 1823 1205 1904 placentes
1231 1840 1313 1904 pro·

360 1920 464 1984 misit.
522 1920 568 1983 Et
599 1921 718 1983 eodem
754 1941 845 1985 anno
878 1922 1053 1986 Robertus
1083 1920 1311 1984 Normanniae

360 2021 524 2083 ducatum
542 2020 705 2101 suscepit.

563 2193 651 2272 Quod
663 2215 717 2256 rer
733 2194 831 2256 Oculo
849 2193 971 2255 Suana
984 2189 1108 2275 subepit.

412 2317 517 2381 Anno
550 2319 673 2399 gratiae
706 2334 845 2380 uxxrv.
868 2336 932 2379 rex
960 2313 1158 2379 fortunatus
1183 2314 1313 2393 Cnnto,

361 2418 550 2480 exercitum
570 2416 764 2498 Anglorum
777 2423 811 2479 et
828 2416 1007 2479 Danorum
1018 2408 1159 2478 ³oontra
1177 2416 1315 2479 Suanos

362 2514 504 2591 ducens,
520 2517 556 2578 in
570 2516 682 2596 primo
699 2516 863 2579 conflictu
877 2514 1005 2577 multos
1018 2533 1159 2576 suorum
1175 2515 1293 2577 amisit
1305 2536 1314 2593 ;

362 2613 422 2675 sed
439 2632 517 2675 cum
539 2612 594 2675 die
616 2616 769 2678 crastina
791 2633 867 2676 cum
895 2613 1052 2677 hostibus
1072 2615 1237 2693 congredi
1256 2614 1315 2676 de-

361 2711 505 2787 buisset,
519 2731 634 2774 comes
647 2711 851 2787 Godwinus,
860 2711 1065 2793 Anglicanae
1075 2712 1208 2776 militiae
1220 2715 1316 2795 prin-

362 2829 456 2891 ceps,
472 2810 632 2887 Cnutone
656 2815 783 2888 nescio,
799 2812 841 2876 de
859 2820 959 2874 nocte
976 2812 1111 2874 Suanos
1129 2831 1199 2875 non
1222 2832 1313 2895 prae·

363 2909 547 2973 meditatos
576 2931 654 2974 curn
676 2912 759 2977 solis
789 2911 984 2992 Anglorum
1005 2912 1124 2973 cuneis
1147 2912 1315 2975 audacter

362 3008 502 3086 invasit,
525 3010 559 3071 in
588 3010 707 3091 sugam
735 3012 860 3092 coegit,
888 3018 935 3087 et,
958 3030 1002 3073 ex
1030 3010 1186 3073 hostibus
1211 3012 1314 3074 innu-

363 3126 458 3171 mera
479 3109 699 3172 multitudine
716 3117 906 3192 perempta,
931 3129 1030 3191 reges
1053 3129 1170 3171 eorum
1191 3109 1313 3173 Ulsum

363 3214 398 3269 et
416 3207 591 3287 Eiglasum
607 3210 710 3290 cepit.
763 3209 843 3271 Rex
861 3228 955 3284 vero,
970 3228 1048 3271 cum
1062 3228 1196 3272 summo
1212 3229 1314 3273 mane

362 3303 498 3386 Anglos
525 3326 594 3369 non
620 3308 820 3384 invenisset,
843 3309 989 3389 putabat
1019 3326 1079 3369 eos
1108 3307 1238 3388 perfide
1270 3310 1314 3371 ad

364 3402 480 3467 hostes
490 3406 683 3483 transiisse,
693 3415 739 3482 et,
752 3428 830 3470 cum
847 3407 939 3469 acies
954 3407 1134 3470 Danorum
1147 3408 1182 3469 in
1195 3407 1315 3471 hostes

362 3503 554 3567 conducere
579 3504 768 3582 affectaret,
791 3526 854 3568 rex
881 3525 951 3568 non
972 3506 1106 3568 invenit
1129 3507 1165 3569 in
1189 3508 1315 3570 castris

362 3621 480 3665 eorum
516 3604 583 3667 nisi
613 3606 818 3685 sanguinem
851 3614 887 3668 et
913 3605 1085 3668 cadavera
1121 3607 1315 3669 occisorum

398 3822 513 3888 ¹Corpur
532 3827 595 3875 beati
614 3825 728 3896 Elfegi.]
753 3831 827 3879 Com·
852 3829 956 3891 ingd0n‚
967 3830 1025 3878 who
1037 3831 1107 3891 gives
1126 3832 1168 3880 the
1187 3848 1257 3883 same
1274 3852 1318 3886 ac·

363 3907 425 3954 pare
436 3895 480 3942 life
492 3897 526 3956 by
535 3897 645 3959 Osbern,
658 3915 683 3960 p.
697 3903 754 3959 rra,
765 3902 826 3949 Sax.
852 3905 929 3947 count
947 3899 976 3947 oi
992 3900 1042 3947 this
1058 3902 1213 3964 expedition,
1230 3906 1317 3966 places

363 3963 779 4019 Chron.andFlor.adan.1023.
853 3969 873 4016 it
895 3971 920 4017 in
944 3969 986 4017 the
1005 3969 1074 4017 third
1097 3985 1158 4031 year
1178 3973 1208 4021 oi
1227 3973 1317 4025 Cnut‘s

398 4062 670 4133 ’Propriamanibou
679 4072 712 4118 So
721 4071 825 4120 Malms.
852 4039 921 4100 ΜΨ
939 4037 1037 4103 (¹⁰²⁰)·
1072 4040 1126 4089 The
1143 4043 1204 4091 Su.
1222 4045 1316 4095 Chron.

361 4133 436 4196 bury,
447 4152 473 4197 p·
487 4142 543 4186 3⁰6·
851 4108 902 4188 and
914 4109 1057 4190 Huutingd.
1071 4110 1143 4170 place
1160 4111 1200 4160 his
1212 4117 1318 4197 expedi·

851 4183 902 4226 hon
924 4185 1025 4240 against
1047 4179 1096 4228 Uli
1114 4181 1164 4228 and
1190 4183 1272 4245 Eglaf
1290 4201 1316 4234 ιιι

395 4233 509 4286 'Coatm
517 4240 727 4304 SaonosduceasJ
740 4241 826 4292 Hnnt·
852 4251 924 4296 1025.
