3000 5004
464 429 604 477 rnonns
629 430 898 481 rnsronrnauu.
1093 417 1158 480 143

201 585 418 664 hortabatur,
457 594 496 650 ut
530 587 631 650 fidem
664 586 795 651 Christi
829 588 1040 670 susciperet3
1080 597 1157 653 tan·

200 686 291 762 dem,
321 687 509 752 amicorum
536 687 728 750 auxiliante
761 706 944 764 consensu,
973 708 994 750 a
1023 688 1157 754 Finano

200 787 363 868 episcopo
394 786 604 868 baptizatus,
663 786 780 867 Igitur
807 788 928 850 aeterni
955 788 1054 868 regni
1080 788 1156 871 Jam

200 885 286 947 civis
302 884 456 962 effectus,
475 885 518 948 ad
543 885 691 967 patriam
710 905 870 949 reversus
893 905 915 949 a
940 905 1022 967 rege
1038 887 1157 951 Oswio

200 984 406 1065 postulavit,
434 993 473 1047 ut
504 984 642 1068 aliquos
674 984 740 1048 sibi
764 984 924 1048 doctores
955 984 1066 1064 daret,
1096 989 1155 1069 qui

201 1091 340 1164 gentem
372 1102 472 1147 suam
509 1083 551 1146 ad
584 1082 685 1147 fidem
720 1091 983 1163 converterent3
1019 1093 1057 1149 at
1097 1087 1156 1150 ille

201 1184 343 1246 mittens
368 1183 412 1245 ad
437 1183 651 1264 provinciam
674 1182 1002 1246 mediterraneorum
1020 1182 1155 1265 Anglo·

202 1300 278 1345 rum
295 1282 460 1346 clamavit
486 1282 530 1345 ad
557 1301 594 1346 se
612 1282 724 1345 virum
749 1282 816 1345 Dei
833 1281 999 1359 Ccddam‚
1021 1291 1056 1347 et
1071 1283 1155 1348 dato

202 1382 253 1444 illi
279 1381 374 1445 socio
398 1382 602 1463 presbytero
617 1381 781 1462 quodam,
804 1383 899 1445 misit
918 1401 978 1445 eos
1005 1383 1049 1445 ad
1066 1382 1157 1446 Sax-

203 1500 286 1544 ones
304 1481 502 1557 orientaleS,
518 1488 558 1544 ut
573 1482 715 1544 verbum
731 1480 810 1543 fidei
826 1481 896 1544 illis
910 1481 1153 1563 praedicarent.

203 1579 274 1644 Ubi
288 1598 367 1643 cum
380 1580 496 1644 omnia
511 1580 789 1662 perambulantes
800 1581 946 1643 multam
958 1581 1035 1645 Deo
1046 1583 1156 1646 eccle·

202 1678 289 1742 siam
298 1687 582 1761 congregassent,
591 1680 739 1760 contigit
750 1674 896 1743 eundem
908 1677 1061 1744 Ceddam
1077 1680 1155 1745 red·

202 1778 252 1842 ire
269 1769 475 1855 domum,'ut
492 1779 617 1842 Finani
641 1779 794 1861 episcopi
811 1779 1020 1861 colloquium
1047 1781 1155 1844 babe-

202 1885 266 1941 ret.
319 1877 390 1956 Qui
411 1879 470 1941 ubi
493 1885 733 1960 prosperatum
757 1898 845 1960 opus
868 1879 1040 1961 evangelii
1063 1899 1155 1943 corn-
1169 1891 1312 1943 ceddbbho

202 1977 303 2060 perit,
320 1978 402 2041 fecit
417 1971 513 2041 ¹eum
530 1977 729 2059 episcopum
741 1978 778 2040 in
790 1985 928 2059 gentem
941 1979 1155 2060 praedictam,
1169 1943 1261 2032 ffli:

203 2077 262 2158 qui
274 2085 417 2158 accepto
436 2076 657 2158 episcopatus
671 2076 783 2157 gradu
795 2077 839 2140 ad
852 2077 1064 2159 provinciam
1080 2080 1157 2142 red·

203 2176 244 2239 iit
265 2176 483 2240 orientalium
501 2176 692 2252 Saxonum,
707 2176 766 2239 ubi
793 2194 855 2257 per
878 2176 956 2239 loca
972 2177 1157 2243 fabricavit

203 2275 379 2353 ecclesias,
404 2276 625 2358 presbyteros
647 2282 683 2338 et
704 2275 868 2339 diaconos
888 2276 1074 2354 ordinavit,
1097 2279 1157 2359 qui

203 2375 393 2438 ministerio
411 2374 609 2457 baptizandi
627 2375 765 2456 incepto
790 2374 826 2437 in
848 2375 1058 2452 civitatibus,
1077 2396 1156 2459 quae

203 2467 456 2538 ²Itbancestria
476 2481 513 2537 ct
536 2474 726 2555 Tileburgb
750 2474 983 2556 appellantur,
1006 2475 1155 2540 officium

203 2573 288 2636 illud
323 2574 565 2655 impleverunt,
605 2592 751 2655 quarum
788 2575 883 2656 prior
922 2583 976 2639 est
1012 2577 1049 2639 in
1078 2577 1155 2659 ripa

206 2671 328 2737 Pentae
372 2673 495 2749 amnis,
528 2672 681 2736 secunda
715 2692 821 2755 super
861 2675 969 2756 ripam
1003 2675 1155 2740 fluminis

203 2772 397 2836 Tbamesis.
449 2766 543 2836 ³Nec
563 2773 674 2836 multo
688 2780 769 2856 post
789 2772 878 2836 idem
896 2794 959 2837 rex
976 2793 999 2837 a
1015 2777 1156 2858 propin·
1168 2781 1270 2822 ΜΝ

204 2873 282 2955 quis
307 2871 380 2934 suis
405 2871 607 2935 interfectus
635 2879 700 2949 est,
726 2892 768 2935 eo
795 2872 887 2954 quod
912 2873 1059 2937 inimicis
1082 2833 1283 2938 suisfflmm'

203 2990 345 3054 parcere
368 2972 514 3047 solebat,
533 2979 568 3034 et
589 2971 734 3055 injurias
757 2973 822 3035 sibi
845 2972 962 3035 illatas
985 2974 1156 3055 poeniten-

204 3071 297 3134 tibus
314 3071 452 3152 placida
466 3079 581 3134 mente
598 3071 797 3135 dimitteret.
850 3071 1023 3135 Successit
1039 3081 1154 3136 autem

204 3168 383 3252 Sigeberto
406 3171 442 3233 in
459 3190 605 3252 rognum
625 3171 844 3234 orientalium
869 3169 1046 3234 Saxonum
1067 3171 1154 3235 Swi·

204 3269 364 3346 tbelmus,
387 3269 478 3332 lilius
508 3269 686 3345 Sexbaldi,
713 3270 772 3352 qui
803 3269 998 3350 baptizatus
1026 3278 1081 3334 est
1111 3273 1155 3335 ab

203 3369 366 3451 episcopo
383 3367 502 3432 Cedda
523 3369 559 3431 in
578 3369 761 3451 provincia
784 3367 1003 3432 orientalium
1020 3368 1156 3452 Anglo·

203 3487 278 3531 rum
298 3469 335 3531 in
355 3469 433 3532 vico
455 3469 563 3549 regio,
586 3469 646 3550 qui
662 3461 917 3531 ⁴Rendlesbam
938 3470 1154 3551 appellatur3

201 3568 421 3650 suscepitque
438 3587 517 3630 eum
540 3567 582 3630 de
605 3567 700 3631 fonte
725 3565 963 3631 Ethelwaldus
981 3588 1044 3632 rex
1060 3569 1154 3632 illius

201 3668 330 3747 gentis,
347 3667 456 3730 frater
473 3664 587 3730 Annae
603 3667 695 3749 regis
713 3667 910 3730 eorundem.

238 3854 247 3887 ¹
263 3858 325 3906 Eum
343 3858 501 3921 episcopum]
519 3857 591 3907 Cedd
608 3857 668 3906 died
730 3855 804 3907 ³Nec
815 3860 890 3907 multo
901 3858 978 3922 poet]
997 3859 1039 3908 He
1056 3860 1079 3908 is
1096 3875 1157 3921 snp-

203 3926 333 3988 birbopol'
342 3926 553 3976 landoninoou.
693 3928 771 3987 posed
795 3932 821 3975 to
842 3928 907 3977 bave
930 3930 993 3977 been
1022 3929 1103 3977 killed
1130 3931 1157 3977 in

239 3994 432 4045 'Ilbuncertriu
456 4002 481 4045 et
504 3995 668 4058 rantur-gu]
693 4000 751 4045 660.

205 4066 310 4115 Mulden
330 4067 380 4115 and
396 4067 512 4128 Tilbury‚
529 4068 556 4115 in
577 4066 670 4126 Essex,
728 4065 741 4100 ⁴
759 4065 942 4128 uenturum]
963 4066 1108 4128 According
1131 4072 1158 4116 to

203 4137 341 4198 according
352 4141 378 4186 to
390 4136 513 4200 camden,
525 4138 544 4188 i.
555 4151 600 4198 pp.
612 4139 670 4196 ³49,
694 4134 816 4196 Cumden,
826 4151 858 4184 on
869 4137 911 4185 tbe
922 4135 1007 4184 Debin
1015 4136 1040 4182 in
1049 4135 1158 4198 Sullolk,

205 4208 261 4253 aar.
694 4205 713 4252 i.
724 4219 750 4264 p.
763 4208 819 4254 noo.
