3000 5004
336 445 401 510 372
595 457 728 506 uocatu
754 457 800 503 nn
823 455 1030 503 wuunovna

337 617 496 681 burniam
511 614 610 678 sedes
626 613 832 689 babuerunt,
849 614 1001 695 quinque
1015 617 1218 674 crearentur
1232 628 1293 672 an·

339 716 480 790 tistites,
504 733 547 776 ne
575 732 661 793 grex
687 711 827 775 Domini
859 713 989 793 absque
1015 729 1099 774 cura
1124 708 1293 791 pastorali

339 814 500 896 luporum
514 812 769 875 incursionibus
787 817 999 892 quateretur.
1035 808 1214 872 Canonica
1228 809 1293 888 igi-

340 920 398 975 tur
415 912 582 974 electione
602 909 787 985 celebrata,
803 911 839 972 in
858 909 939 971 sede
954 907 1189 972 wintoniensi
1213 926 1293 969 con-

340 1011 529 1074 stituerunt
542 1008 780 1071 Frithstanum
796 1016 832 1071 et
846 1009 882 1070 in
896 1006 1159 1071 Scirebnrnensi
1175 1005 1294 1068 Ethel-

341 1128 447 1184 mum,
469 1108 505 1170 in
523 1106 693 1172 Wellensi
717 1105 915 1183 Eadulfum,
938 1107 973 1168 in
998 1104 1169 1168 Cridiensi
1193 1104 1293 1169 Wer-

342 1214 493 1281 stanum,
515 1206 551 1268 in
575 1204 803 1268 Cornubiensi
827 1203 1065 1282 Herstanum3
1093 1203 1194 1266 electi
1214 1211 1295 1267 sunt

342 1313 513 1387 praeterea
536 1305 606 1367 duo
628 1303 793 1385 episcopi,
809 1302 971 1367 videlicet
993 1303 1037 1365 ad
1063 1302 1180 1365 sedem
1202 1302 1291 1366 Dor-

343 1402 597 1467 kacestrensem
617 1401 791 1465 Kennlsus
806 1410 840 1465 et
857 1401 1067 1464 australibus
1083 1401 1293 1476 Saxonihus,

343 1521 488 1584 quorum
502 1500 677 1564 antistites
691 1501 807 1563 sedem
823 1501 953 1564 habent
968 1500 1059 1581 apud
1077 1498 1292 1576 cicestriam,

343 1601 523 1663 ordinatus
538 1607 592 1662 est
609 1600 804 1680 Berthegus
821 1621 830 1679 ;
853 1599 888 1661 hi
903 1618 1022 1682 omnes
1042 1617 1112 1661 una
1126 1598 1181 1661 die
1202 1598 1292 1681 apud

345 1698 571 1762 Cantuariam
592 1699 635 1760 ab
658 1698 917 1783 archiepiscopo
935 1697 1152 1779 Plegmnndo
1174 1716 1295 1760 conse·

345 1797 509 1860 erationis
525 1815 649 1858 munus
666 1796 783 1879 adepti
800 1804 892 1861 sunt.
945 1796 992 1859 Et
1005 1815 1074 1858 non
1091 1795 1202 1858 multo
1216 1803 1295 1878 post

345 1895 439 1958 sacta
482 1894 723 1975 parochiarum
760 1896 1012 1971 distributione,
1057 1902 1294 1958 romanserunt

346 1995 508 2076 episcopo
522 1993 756 2058 Wintoniensi
777 1995 964 2076 provinciae
987 1992 1239 2056 Hamtonensis
1260 2000 1294 2055 et

346 2093 565 2157 Sutherensis
594 2111 671 2154 cum
707 2093 822 2156 insula
854 2092 979 2168 Vecta,
1017 2091 1294 2155 Scirebnrnensis

346 2211 429 2255 vero
457 2192 608 2255 habebat
631 2191 875 2268 somersetam,
897 2191 1084 2256 Wellensis
1109 2190 1294 2253 Dorsetam

346 2298 381 2354 et
407 2291 621 2371 provinciam
649 2290 906 2365 Berrocensem,
933 2289 1120 2353 Cridiensis
1146 2289 1295 2352 habebat

345 2390 560 2470 provinciam
594 2389 861 2466 Deveniensem,
885 2388 1131 2452 cornubiensis
1161 2388 1296 2451 Cornu·

345 2486 517 2564 biensem;
543 2494 623 2568 post
645 2506 774 2569 paucos
790 2507 872 2552 vero
892 2506 1014 2564 annos,
1035 2489 1071 2550 in
1097 2506 1190 2569 pago
1208 2487 1295 2550 Wil-

345 2585 493 2647 toniensi
527 2586 686 2667 proprius
718 2587 831 2650 factus
863 2594 917 2649 est
947 2587 1142 2668 episcopus,
1171 2587 1232 2667 qui
1259 2587 1295 2648 in

347 2682 574 2747 Ramesberia
604 2683 719 2747 sedem
749 2685 881 2748 habuit.
934 2685 989 2748 De
1012 2686 1182 2767 episcopis
1209 2704 1294 2765 quo·

346 2800 425 2863 que,
447 2783 507 2862 qui
533 2783 609 2844 istis
633 2784 784 2865 quinque
809 2783 1015 2866 praesulibus
1040 2790 1294 2860 successerunt,

346 2900 409 2944 suo
438 2881 516 2943 loco
545 2879 702 2959 dicetur3
735 2883 795 2946 sed
825 2883 891 2944 hoc
920 2901 989 2945 non
1017 2889 1071 2945 est
1099 2882 1294 2959 tacendum,

345 2980 437 3062 quod
470 2979 588 3042 multis
621 2981 744 3043 mirum
776 2981 925 3057 videtur,
951 2981 987 3043 in
1018 2980 1142 3044 viculis
1175 2999 1295 3062 supra-

345 3079 447 3142 dictis
480 3085 514 3142 et
543 3085 614 3141 tam
643 3080 782 3159 exiguis
814 3079 913 3142 sedes
949 3079 1163 3160 pontificales
1198 3088 1295 3143 tanto

346 3185 501 3259 tempore
532 3177 749 3259 perdurasse.
789 3178 1043 3242 Cornubienses
1071 3197 1155 3242 sane
1179 3179 1294 3259 ponti·

347 3275 429 3339 lices
453 3268 564 3357 ¹apud
590 3284 748 3339 sanctum
770 3276 956 3340 Petrocum
974 3276 1081 3359 juxta
1098 3276 1295 3341 Wallenses

346 3373 561 3456 aquilonales
584 3394 688 3458 super
711 3375 838 3440 flumen
861 3375 1083 3439 Heilemuthe
1108 3376 1208 3440 sedes
1232 3375 1293 3439 ha·

346 3474 505 3537 buerunt.

610 3589 659 3651 De
673 3597 789 3653 conata
802 3589 1032 3675 ahaifimtioao.

406 3704 508 3768 Anno
528 3708 668 3772 Domini
690 3727 851 3774 nccccv1.
873 3703 1026 3774 ²cometa
1048 3712 1211 3792 apparuit
1228 3712 1296 3797 sere

382 3867 481 3933 1Δριιά
506 3879 615 3937 mactum
643 3877 805 3941 Petraeam]
831 3893 863 3926 no
871 3879 963 3927 notice.
986 3877 1298 3938 For‘aquilonsles,'ed·

345 3939 398 3988 The
415 3941 487 4002 place
503 3943 562 3992 here
579 3945 697 3993 intended
713 3948 736 3994 is
751 3962 807 4008 pro·
831 3948 932 4008 mitting
946 3947 1068 3995 Padstow
1080 3951 1106 3994 to
1122 3948 1154 3995 be
1170 3948 1213 3996 the
1225 3951 1296 4010 place

344 4009 632 4073 bablyPadstow‚srom
642 4015 807 4078 Peucesten,
832 4019 857 4064 in
880 4017 1006 4078 question,
1029 4016 1187 4065 ‘australes'
1205 4016 1296 4067 should

343 4085 371 4129 ut
386 4081 429 4130 the
445 4082 531 4130 mouth
546 4082 575 4131 ol
589 4083 631 4132 the
647 4085 714 4132 river
730 4086 806 4134 Alnn.
833 4087 864 4135 be
875 4085 1039 4135 substituted.

344 4150 383 4200 Of
391 4151 432 4199 the
443 4152 510 4199 river
521 4151 808 4214 Heilemuthe,ilAlan·
867 4152 878 4184 ²
891 4157 989 4204 Cometa
997 4156 1019 4219 ς]
1030 4154 1120 4216 placed
1133 4155 1169 4216 by
1180 4155 1224 4204 the
1235 4156 1295 4205 Su.

343 4220 429 4268 muthe
448 4221 471 4268 is
487 4226 531 4270 not
545 4221 675 4285 intended,
686 4238 725 4271 we
742 4225 806 4274 have
834 4224 927 4274 Chr-ou.
939 4225 966 4273 in
976 4225 1019 4274 the
1030 4224 1170 4287 preceding
1182 4240 1254 4287 year.
