3000 5004
461 483 602 532 ruonns
625 484 898 534 msronmsuu.
1085 468 1151 537 499

200 647 317 727 gebat,
335 642 523 708 admonens
540 653 711 727 pastoreS,
728 663 815 727 quos
840 644 925 726 ipsis
949 644 1151 726 praeposuit,

202 752 241 808 ut
264 744 343 808 illos
369 745 575 826 regulariter
590 746 708 807 vivere
731 742 1009 821 exhortarentur,
1032 752 1153 825 quate-

203 862 269 907 nus
295 842 435 907 Christo
463 851 499 906 et
522 844 652 907 sanctis
679 843 754 925 ejus
777 843 936 907 omnibus
959 844 1152 924 complacc-

201 950 301 1022 rent;
328 944 507 1006 eratenim
525 944 579 1006 vir
594 941 661 1005 Dei
680 942 885 1005 Dunstanus
911 941 999 1005 mira
1020 943 1056 1005 in
1079 962 1153 1005 om·

203 1042 303 1105 nibus
325 1042 457 1105 ratione
477 1042 658 1116 discretus,
675 1041 962 1122 prudentiamque
978 1039 1153 1105 fortitudi-

204 1159 293 1217 nem,
305 1141 478 1223 Justitiam
496 1148 531 1203 et
546 1141 809 1222 temperantiam
825 1139 940 1221 quoad
957 1140 1055 1215 vixit,
1076 1139 1153 1202 Deo

204 1239 407 1316 auxiliante,
435 1241 605 1303 veraciter
635 1239 835 1302 custodivit.
892 1237 1022 1301 Eodem
1049 1257 1153 1315 anno,

205 1336 382 1402 Leoswino
416 1339 585 1402 Lindissae
617 1338 768 1418 regionis
800 1337 956 1400 antistite
979 1337 1154 1413 defuncto,

206 1429 406 1501 ¹Aiinothus
430 1438 608 1513 successit,
625 1447 660 1500 et
683 1437 733 1499 illi
749 1430 962 1513 ²As0winus,
979 1436 1079 1518 cujus
1102 1438 1155 1499 in-

205 1535 337 1598 stantia
365 1544 507 1600 sanctus
524 1530 740 1612 ³0sweldus,
754 1535 1007 1616 Wigorniensis
1033 1543 1155 1618 postea

205 1634 401 1719 episcopua,
417 1635 611 1699 Rameseiae
627 1635 822 1698 coenobium
839 1635 1066 1698 consecravit.

363 1805 405 1870 Ut
418 1804 520 1871 beatem
533 1807 717 1872 Dmtstooue
724 1807 865 1893 pallium
879 1804 1005 1895 occepit.

258 1927 361 1994 Anno
395 1930 535 1994 Domini
569 1949 746 1996 ncoccnx.
775 1940 918 1996 sanctus
950 1933 1280 1997 Dunstanusrnoo.

209 2027 359 2092 Romam
379 2029 566 2113 profectus
583 2050 605 2094 a
621 2050 713 2112 papa
729 2031 752 2094 J
756 2031 892 2095 ohanne
914 2031 1057 2113 pallium
1079 2052 1155 2096 sus·
1168 2002 1312 2139 iffi-'iiam

209 2129 311 2210 cepit,
342 2137 378 2192 ct
408 2150 471 2212 per
496 2130 588 2193 viam
612 2130 708 2212 pacis
735 2130 778 2193 ad
808 2130 948 2212 propria
978 2111 1196 2196 remeavit.¹’⁸
1215 2100 1319 2140 '‘⁸⁰⁰²“

211 2226 339 2290 Paucis
362 2229 487 2292 exinde
514 2230 689 2292 mensibus
717 2229 921 2313 interjectis,
949 2230 1072 2293 annuit
1094 2249 1157 2293 rex

210 2325 403 2407 Eadgarus,
428 2327 504 2410 ejus
524 2329 760 2409 suggestione,
778 2334 817 2392 ut
835 2328 956 2391 beatus
974 2328 1157 2393 Oswaldus

211 2425 450 2490 admitteretur
475 2425 519 2490 ad
542 2426 795 2508 wigorniensis
818 2427 971 2491 ecciesiae
993 2429 1160 2511 praesula·

210 2531 298 2600 tum,
324 2525 382 2588 nbi
407 2544 470 2606 per
482 2526 622 2589 beatum
637 2525 857 2590 Dunstanum
878 2527 1059 2610 episcopus
1079 2547 1160 2591 con-

211 2635 367 2686 secratus
396 2623 515 2688 multis
548 2626 584 2688 in
615 2645 657 2688 ea
689 2626 857 2689 virtutum
884 2625 1010 2690 claruit
1039 2627 1157 2708 signis.

213 2720 317 2785 Circa
336 2721 475 2786 eosdem
501 2724 573 2787 dies
601 2724 764 2787 defuncto
792 2723 988 2802 Guthardo,
1014 2725 1159 2790 Selesei·

214 2820 289 2885 ensi
305 2821 480 2905 episcopo,
493 2814 672 2889 *alfredus
689 2824 866 2887 successit.

398 2993 447 3056 De
456 2992 646 3076 fundatione
660 2992 787 3058 coeoobii
804 2993 972 3059 Teroua.

263 3117 368 3182 Anno
385 3117 526 3182 Domini
543 3116 927 3198 nccccnx1.0rdgarus
943 3135 1056 3180 comes
1072 3110 1162 3180 ⁵coe-
1175 3138 1286 3181 unsa.

215 3218 354 3282 nubium
370 3217 462 3299 apud
478 3214 669 3280 Tavistoke
684 3217 719 3279 in
736 3215 897 3280 Devenia
909 3218 1116 3293 construxit,
1128 3224 1163 3280 et

213 3314 299 3380 iliud
328 3315 498 3397 religiosis
524 3314 701 3378 monachis
728 3315 885 3396 replevit.
937 3314 1024 3379 Erat
1046 3323 1161 3379 autem

214 3433 329 3478 comes
362 3415 541 3497 Ordgarus
573 3422 673 3497 pater
704 3412 862 3491 Alsridae,
901 3413 1031 3494 reginae
1072 3414 1164 3495 regis

248 3623 256 3655 ¹
268 3626 424 3690 numiam]
441 3627 586 3690 According
597 3632 623 3677 to
634 3627 677 3675 In·
702 3626 746 3675 life
757 3627 787 3675 os
794 3628 821 3676 S.
833 3627 950 3689 Oswnid,
967 3628 993 3676 in
1004 3629 1082 3691 Angi.
1094 3631 1164 3680 Sscr.

214 3696 304 3758 gniph,
327 3697 360 3746 he
381 3711 436 3745 was
458 3701 560 3758 present
581 3702 608 3745 at
634 3697 677 3745 the
703 3697 730 3744 ii.
742 3701 835 3756 p.200.

214 3767 313 3815 council
333 3765 391 3815 held
409 3766 435 3813 in
453 3767 557 3814 London
575 3766 601 3814 in
620 3770 678 3829 966,
736 3763 907 3830 Myndus]
937 3766 979 3815 He
1001 3765 1063 3817 died
1087 3768 1166 3817 about

215 3836 458 3895 andalivein9¹14;
476 3851 520 3896 pp.
532 3838 573 3895 45,
584 3839 625 3885 48.
703 3838 760 3884 979.

249 3901 433 3964 Hermiona]
459 3904 501 3953 On
520 3904 563 3953 the
581 3905 679 3967 margin
738 3902 901 3954 ⁶Coenodium
921 3909 985 3968 opud
1006 3906 1165 3968 ructuare]

213 3969 480 4023 ‘Ascwinus.’—He
496 3974 519 4022 is
537 3976 679 4023 mentioned
703 3972 729 4020 It
746 3988 800 4022 was
823 3975 928 4023 finished
948 3977 983 4036 by
1002 3975 1105 4035 Orduls,
1123 3974 1165 4023 the

215 4043 297 4093 below
308 4043 358 4092 and
375 4043 408 4103 by
423 4043 542 4091 Floreuce
553 4044 579 4091 in
590 4047 640 4093 999
650 4059 679 4092 as
704 4057 749 4090 son
766 4042 795 4090 os
814 4045 926 4105 Ordgur,
944 4045 970 4092 in
989 4048 1053 4104 9813
1071 4043 1165 4092 Chr-on.

215 4127 262 4160 one
280 4112 308 4160 oi
325 4112 367 4160 the
382 4113 503 4161 udmirals
520 4113 548 4162 oi
562 4112 604 4161 the
622 4113 680 4163 fleet
703 4111 845 4162 Tinemut.:
863 4113 1013 4162 afterwards
1023 4113 1119 4160 bumed
1131 4112 1164 4173 by

216 4181 316 4244 against
325 4182 368 4230 the
381 4181 477 4230 Dones.
703 4181 746 4228 the
758 4181 845 4231 Dunes
853 4183 879 4230 in
889 4187 947 4231 997.
970 4183 1031 4231 Sim.
1044 4181 1164 4230 Dunelm.

251 4244 441 4318 meroaldus]
471 4251 518 4300 See
547 4251 680 4301 Eadmer’s
705 4250 790 4300 adun.
