3000 5004
465 450 604 498 rnonns
629 450 899 499 rusronrnnun.
1110 433 1154 496 17

201 601 304 667 simul
327 622 407 687 spos
424 613 459 669 et
474 606 619 671 victoria
642 606 886 672 Britannorum
907 607 1063 671 extincta
1086 615 1152 670 est.

202 703 374 767 Diabolus
399 724 548 788 namque
572 707 606 770 in
629 727 690 770 cor
714 726 873 771 novercae
897 726 970 770 sune
992 706 1151 770 Rouwen

200 802 390 885 ingressus,
415 804 510 870 dedit
539 806 590 870 illi
614 825 784 870 venenum
815 826 877 888 per
902 805 1074 889 quendam
1098 805 1152 869 fa-

200 902 369 967 miliarem
394 923 508 982 suum,
523 925 593 988 quo
616 907 732 970 subita
759 913 870 970 morte
892 913 1092 989 praeventus
1114 906 1149 968 in

201 1002 285 1066 urbe
304 995 573 1068 ¹'I'rinovantum
599 1006 757 1089 sepultus
783 1013 859 1085 est;
887 1025 957 1088 quo
985 1005 1150 1068 defuncto

201 1100 295 1165 misit
310 1101 554 1185 vortigernus,
576 1105 742 1169 instinctu
759 1106 880 1170 rrxoris
901 1124 987 1179 suae,
1010 1104 1046 1168 iu
1060 1103 1152 1168 Ger·

202 1201 352 1265 maniam
375 1210 516 1285 propter
542 1203 767 1285 Hengistum,
792 1211 832 1267 ut
850 1203 983 1268 veniret
1004 1202 1040 1265 in
1071 1204 1153 1266 Bri-

202 1299 357 1364 tanniam
378 1302 541 1384 privatim
556 1311 592 1367 et
607 1323 685 1367 cum
701 1303 834 1386 paucis,
848 1322 904 1377 ne,
922 1301 953 1365 si
970 1301 1073 1366 aliter
1090 1321 1152 1366 ve·

202 1399 302 1478 niret,
316 1400 489 1467 discordia
504 1402 595 1467 inter
612 1403 776 1467 Britones
793 1402 956 1466 oriretur.

391 1575 557 1663 Heuqittas
571 1576 667 1642 rediit
682 1577 717 1643 in
731 1577 948 1643 Britanniam.

252 1696 358 1764 Anno
366 1701 490 1782 gratiae
505 1695 905 1783 ccccnx1.¹Hongistus‚
919 1698 1039 1763 audito
1054 1697 1149 1762 obitu
1165 1708 1219 1798 332·
1229 1707 1300 1798 *quw

204 1795 405 1877 Vortimeri,
417 1793 598 1866 ⁸trecentis
613 1801 764 1865 millibus
780 1808 993 1864 armatorum
1010 1798 1076 1862 sibi
1094 1816 1150 1860 so·
1163 1770 1257 1900 {3332
1268 1811 1312 1849 Bri·

202 1897 315 1976 ciatis,
325 1899 360 1961 in
374 1900 589 1964 Britanniam
606 1920 764 1965 reversus
775 1907 841 1964 est.
878 1899 945 1964 Sed
955 1918 1032 1962 cum
1043 1903 1150 1961 tantan
1211 1889 1215 1899 '

202 1996 433 2062 multitudinis
458 1999 628 2064 adventus
644 1999 857 2082 vortigerno
870 1997 1151 2082 principibusque

203 2097 299 2178 regni
322 2098 503 2162 nuntiatus
530 2098 663 2177 suisset,
687 2099 857 2181 indignati
881 2105 965 2162 sunt
982 2097 1095 2172 valde,
1115 2105 1151 2159 et

203 2196 459 2261 constituerunt
468 2218 546 2262 cum
557 2199 627 2262 illis
636 2199 801 2282 praeliari.
837 2196 941 2276 Quod
959 2216 1037 2261 cum
1053 2195 1152 2259 Hen-

202 2295 295 2377 gisto
313 2296 385 2360 filia
399 2316 464 2361 sua
476 2317 539 2380 per
551 2298 783 2362 internuntios
795 2297 994 2372 indicasset,
1011 2302 1149 2377 gentem

203 2395 325 2478 patriae
348 2397 413 2460 sub
434 2397 549 2479 specie
563 2397 660 2481 pacis
676 2396 821 2483 prodere
843 2395 1024 2478 cogitavit,
1040 2394 1151 2458 misit-

203 2515 271 2578 que
296 2495 432 2578 legatos
456 2496 502 2560 ad
529 2516 658 2578 regern,
684 2497 813 2574 dicens,
837 2517 876 2561 se
901 2515 971 2561 non
995 2494 1151 2559 multitu·

203 2595 318 2659 dinem
341 2602 475 2660 tantam
492 2596 713 2673 conduxisse,
736 2605 775 2661 ut
796 2597 851 2661 vel
874 2596 940 2660 sibi
963 2595 1018 2660 vel
1044 2614 1152 2676 regno

203 2695 355 2777 aliquam
372 2695 545 2777 ingereret
554 2696 766 2773 violentiam,
780 2696 841 2760 sed
855 2696 1050 2760 aestimabat
1060 2693 1153 2759 Vor-

204 2795 363 2858 timerum
379 2794 492 2858 adhuc
509 2795 639 2872 vivere,
652 2816 754 2879 quem
769 2815 873 2879 super
888 2796 1004 2860 omnia
1018 2812 1153 2876 expug-

204 2913 289 2958 nare
316 2895 501 2977 cupiebat,
527 2894 691 2978 quoniam
719 2909 835 2961 autem
857 2895 971 2977 ipsum
993 2913 1070 2958 esse
1092 2893 1153 2956 de·

205 2991 374 3071 sunctum,
399 3015 469 3059 non
493 2994 679 3059 haesitabat
702 3015 778 3059 sese
802 3003 838 3059 et
863 2994 1030 3078 populum
1052 3011 1153 3055 suum

204 3090 423 3175 dispositioni
451 3109 524 3158 suae
548 3085 792 3171 *committere
820 3101 860 3158 ut
887 3114 974 3176 quos
1005 3098 1154 3174 optaret,

205 3193 240 3255 in
280 3212 387 3275 reguo
419 3194 596 3270 retineret,
628 3202 664 3259 et
701 3212 791 3278 quos
824 3193 1004 3269 refutaret,
1035 3190 1153 3255 statim

205 3291 242 3354 in
266 3291 490 3357 Germaniam
524 3293 603 3357 vela
628 3288 840 3371 ⁵vcrterent3
872 3299 919 3369 et,
942 3292 972 3355 si
1003 3290 1045 3365 id,
1063 3288 1155 3354 Vor-

207 3391 342 3473 tigerno
371 3392 571 3475 placuisset,
605 3394 745 3475 petebat
771 3399 811 3456 ut
841 3391 931 3454 diem
966 3397 1001 3453 et
1030 3389 1156 3464 locum,

205 3510 274 3573 quo
288 3492 420 3574 pariter
435 3494 672 3570 convenirent,
690 3498 868 3557 statueret.
902 3490 1059 3573 Cumque
1072 3483 1157 3553 talia

242 3747 250 3781 ¹
264 3750 460 3814 Tribunatum]
479 3750 592 3802 London.
695 3746 805 3802 ‘tribus'
820 3752 869 3802 aud
881 3752 1021 3814 ‘quatuor'
1032 3765 1075 3800 are
1084 3765 1159 3813 gene·

240 3817 424 3884 ’uagum
442 3821 517 3882 who,
536 3823 556 3870 it
574 3823 597 3871 is
612 3822 668 3870 said
695 3824 759 3885 rally
771 3823 842 3872 read.

206 3891 232 3939 in
243 3890 286 3939 the
295 3890 669 3953 ChroniclesoiHollaud,was
730 3923 739 3952 4
754 3925 910 3975 Commium
923 3960 929 3973 ⁸
940 3960 946 3973 ι
958 3959 964 3974 ⁸
976 3922 1116 3984 nti-nme]
1129 3923 1159 3968 1„

205 3959 669 4093 ἓωμῇῃέρὲᾛὲἒῖῃὲἷγξξξ
696 3996 753 4077 MS.
775 3995 965 4045 ‘committebat
988 4030 994 4045 .
1014 4028 1044 4044 ..
1067 3993 1161 4041 retinu-

695 4065 775 4115 neat!

206 4104 428 4232 μῖἧΐῖἔὲἰὶι]
456 4169 490 4217 So
518 4172 573 4220 also
594 4169 670 4219 Geoi.
731 4160 1161 4233 ‘Verterent.]1nMS.‘vertis·

200 4242 305 4292 Moum.
329 4239 427 4290 InMS.
435 4237 669 4290 oiMnttb.West1n.
698 4237 772 4287 sent!

256 4329 337 4378 VOL.
363 4330 384 4376 1.
991 4327 1010 4370 0
