3000 5004
477 466 617 514 ruonns
640 467 906 516 ursrorusauu.
1145 457 1167 520 7

212 623 351 704 injectae
370 622 430 686 vix
457 620 613 686 sufficere
638 623 764 704 pedum
789 624 976 705 pernicitas
1002 625 1164 690 credeba-

212 727 280 784 tur.
329 721 466 785 Passim
480 721 631 803 fugiunt,
645 742 740 786 arma
756 722 954 805 projiciunt,
971 725 1163 806 gaudentes

213 821 269 883 vel
300 821 395 884 nuda
427 840 574 904 corpora
604 821 772 904 eripuisse
800 822 1012 903 discrimini;
1046 826 1163 907 plures

210 920 316 983 ctiam
332 921 456 985 timore
470 921 666 1003 praecipites
680 922 820 997 flumen,
830 921 922 1002 quod
940 924 1162 1004 transierant,

209 1019 403 1084 devoravit.
456 1019 633 1085 Ultiouem
662 1040 761 1085 suam
791 1021 957 1086 innocens
987 1025 1161 1090 exercitus

209 1119 378 1198 intuetur,
400 1126 437 1183 et
457 1119 611 1184 victoriae
633 1139 806 1186 concessae
827 1120 960 1185 otiosus
985 1132 1161 1206 spectator

211 1216 376 1299 efficitur3
399 1218 513 1302 spolia
528 1219 739 1302 colliguntur
760 1220 934 1301 exposita,
951 1228 988 1284 et
1009 1223 1158 1288 caelestis

209 1319 335 1399 palmae
359 1318 489 1401 gaudia
501 1319 600 1383 miles
622 1318 805 1401 religiosus
821 1319 1063 1401 amplectitur3
1095 1325 1157 1388 tri·

209 1417 378 1500 umphant
394 1417 587 1501 pontifices,
600 1416 758 1482 hostibus
779 1416 865 1481 susis
887 1418 961 1483 sine
976 1422 1156 1502 sanguine,

210 1517 401 1600 triumphat
417 1517 565 1581 victoria
580 1516 647 1581 fide
661 1519 805 1581 obtenta
819 1536 889 1579 non
905 1517 1049 1583 viribus

262 1616 464 1700 Composita
488 1617 607 1699 itaque
624 1617 741 1680 insula
761 1616 948 1680 securitate
961 1618 1157 1701 multiplici,

209 1718 450 1799 superatisque
496 1716 653 1780 hostibus
689 1715 920 1781 invisibilibus
956 1718 1012 1780 vel
1052 1738 1155 1784 carne

208 1816 405 1898 conspicuis
428 1814 576 1880 reditum
597 1814 787 1880 moliuntur
807 1815 1011 1897 pontifices;
1030 1820 1154 1899 quibus

208 1916 432 1996 tranquillam
456 1915 714 1996 navigationem
743 1923 779 1979 et
802 1915 926 1979 merita
952 1918 1093 1998 propria
1120 1927 1156 1983 et

207 2015 408 2079 intercessio
442 2015 535 2079 beati
574 2015 737 2097 martyris
772 2013 901 2078 Albani
932 2026 1155 2096 paraverrmt,

206 2115 413 2198 quietosque
442 2133 502 2178 eos
530 2133 671 2178 suorum
701 2114 881 2177 desideriis
920 2113 1003 2178 selix
1037 2117 1156 2180 carina

207 2207 388 2279 ¹restituit.
440 2212 554 2296 [Rex]
579 2213 793 2278 Francorum
823 2206 1030 2277 ²Meroveus
1055 2218 1155 2279 annis

206 2314 324 2378 decem
338 2315 437 2396 [tunc
452 2313 641 2395 regnavit]

204 2485 254 2550 De
267 2486 402 2550 adventu
416 2485 592 2572 deplorans
607 2485 642 2550 in
656 2483 873 2561 Britanniam,
893 2490 920 2546 el
934 2483 971 2547 de
986 2481 1157 2569 rmionidus

520 2605 624 2648 arrian
638 2604 676 2647 ee
692 2579 831 2646 dmin.

256 2709 361 2776 Anno
388 2709 512 2793 gratiae
527 2702 741 2774 ³ccccxn1x.
760 2727 846 2789 gens
862 2706 1057 2789 Anglorum
1079 2708 1153 2772 sive
1166 2730 1284 2821 33:¹⁴3}

204 2810 395 2889 Saxonum,
423 2830 444 2874 a
471 2829 553 2892 rege
579 2808 790 2888 Vortigerno
821 2808 981 2885 invitata,
1012 2809 1301 2873 Britan-ussum..

204 2912 297 2974 niam
314 2912 424 2975 tribus
446 2910 561 2991 longis
583 2909 730 2972 navibus
752 2906 946 2984 advehitur,
969 2916 1005 2972 et
1027 2910 1062 2972 in
1084 2910 1153 2974 ori·

205 3010 313 3074 entali
344 3020 443 3093 parte
483 3009 606 3073 insulae
637 3001 769 3071 ⁴locum
808 3007 970 3070 manendi
1008 3026 1031 3070 a
1059 3027 1153 3088 rege,

202 3110 305 3191 qnasi
340 3130 404 3192 pro
437 3111 552 3193 patria
584 3115 796 3190 pugnatura,
835 3107 1000 3187 suscepit.
1067 3106 1152 3169 Sus·

203 3217 370 3291 ceperunt
398 3229 481 3290 ergo
509 3208 624 3273 locum
656 3205 864 3271 donantibus
893 3205 1083 3281 Britannia,
1110 3224 1152 3268 ea

202 3308 410 3384 conditione,
434 3317 474 3372 ut
495 3327 557 3389 pro
584 3307 708 3389 patriae
731 3305 844 3368 salute
866 3311 902 3366 et
923 3322 1009 3386 pace
1029 3311 1152 3368 contra

203 3407 420 3471 adversarios
434 3407 637 3482 militarent,
654 3412 690 3467 et
704 3403 755 3466 illi
769 3402 999 3465 militantibus
1020 3403 1151 3485 stipen-

237 3629 408 3696 ¹Restitsit.]
435 3630 498 3679 'l'his
519 3631 624 3691 chapter
640 3629 662 3675 is
688 3625 830 3676 sur-Seiae.
867 3626 910 3675 lle
928 3625 998 3687 died,
1016 3626 1152 3689 according

200 3703 288 3765 taken,
314 3703 406 3753 almost
432 3701 564 3762 verbatim,
598 3697 662 3748 from
687 3696 949 3761 toSigeherhindbfl.
973 3698 1021 3747 See
1030 3697 1151 3748 Malmsb.

202 3774 284 3834 Beda,
294 3773 356 3823 edit.
369 3773 401 3820 E.
412 3772 448 3821 H.
460 3772 486 3821 S.
498 3786 555 3833 cap.
567 3785 611 3820 xx.
688 3766 753 3834 §⁶82
764 3772 839 3817 notes.

235 3840 246 3874 ¹
262 3836 412 3909 hiereneus]
436 3842 510 3890 From
528 3841 579 3889 this
601 3840 663 3901 king
723 3836 891 3902 ’ccccxuxd
904 3837 1002 3887 Ussher
1014 3837 1151 3888 concludes

202 3914 244 3962 the
266 3915 320 3962 first
341 3927 400 3961 racc
422 3912 451 3960 ol
470 3911 512 3959 the
540 3911 616 3971 linge
638 3910 667 3958 ol
688 3909 743 3957 that
765 3909 807 3958 the
830 3909 922 3959 arrival
943 3909 973 3957 oi
988 3909 1031 3957 the
1053 3910 1151 3958 Saxone

202 3984 298 4033 France
318 3984 341 4032 is
357 3982 414 4031 said
432 3987 457 4029 to
476 3981 540 4029 have
559 3981 662 4028 derived
689 3980 749 4026 took
767 3979 840 4038 place
858 3979 885 4026 in
900 3982 958 4028 45⁰.
994 3979 1042 4027 See
1054 3974 1151 4027 Carte's

202 4055 234 4102 its
261 4054 316 4102 title
351 4051 380 4101 ol
407 4048 664 4112 ‘Marouingienne’
690 4049 760 4097 Hist.
772 4049 838 4110 Eng.
850 4063 876 4108 p.
889 4051 945 4096 119.

204 4124 244 4173 lie
267 4124 290 4172 is
311 4121 442 4184 supposed
463 4126 489 4169 to
511 4120 575 4167 have
600 4120 663 4166 been
724 4117 857 4180 ⁴Iueum.]
881 4117 935 4165 The
954 4117 1027 4178 place
1044 4114 1073 4162 ol
1086 4115 1152 4163 their

201 4198 302 4255 present
318 4198 345 4241 at
360 4193 404 4240 the
419 4193 514 4250 victory
531 4189 560 4237 oi
572 4189 664 4236 Actius
690 4187 794 4250 landing
821 4202 875 4235 was
904 4187 1023 4248 Ebsllcet,
1051 4185 1098 4233 isle
1126 4184 1155 4233 oi

201 4279 260 4314 over
271 4263 354 4313 Attila
365 4263 391 4312 in
401 4262 444 4311 the
455 4260 539 4323 plains
549 4256 578 4307 ol
586 4258 665 4306 Meri·
689 4257 796 4307 Thanet.
832 4258 893 4306 Sar.
905 4255 999 4307 cnon.
