3000 5004
464 479 604 529 monas
631 478 903 527 ursronmnuu.
1090 463 1155 527 475

203 637 310 716 regia.
348 632 529 697 Alsredum
545 654 628 698 vero
636 633 814 716 juvenem,
831 635 927 714 regio
943 632 1072 697 honore
1093 655 1156 716 per

202 735 318 798 omnia
336 733 489 813 dignum,
506 733 651 814 ligatum
667 733 710 797 ad
723 735 842 797 urbem
858 734 1050 797 transmisit
1061 732 1153 797 Lon-

202 834 383 898 doniarum
411 833 454 895 ad
480 852 596 913 regem
620 832 815 896 Haroldum
839 833 1014 896 inimicum
1040 853 1154 911 suum,

204 941 243 996 ut
262 933 454 996 uberiorem
471 933 515 994 ab
538 951 580 995 eo
603 932 751 1012 gratiam
774 933 957 1009 inveniret,
972 952 1049 995 eum
1066 951 1153 1014 pau·

204 1033 253 1095 cis
272 1051 412 1095 suorum
438 1032 497 1112 qui
522 1031 720 1094 indecimati
742 1039 990 1107 remanserant,
1008 1031 1068 1112 qui
1090 1033 1153 1095 mi·

202 1131 281 1194 lites
296 1150 414 1194 omnes
434 1130 535 1193 nimis
552 1130 741 1211 perniciose
757 1130 922 1213 peremit;
940 1138 1045 1212 atque
1061 1130 1154 1195 illico

203 1249 281 1293 cum
308 1230 488 1293 Haroldus
510 1250 572 1293 rex
593 1230 776 1293 Alsredum
797 1230 962 1313 juvenem
985 1249 1155 1312 conspex-

203 1330 299 1406 isset,
326 1330 370 1392 ad
397 1329 546 1393 insulam
576 1329 749 1393 Eliensem
779 1329 1018 1392 transmissum
1044 1329 1154 1392 oculis

202 1429 332 1510 privari
346 1428 441 1506 secit,
451 1429 510 1492 ubi
526 1448 598 1509 prae
608 1429 726 1493 dolore
740 1428 924 1493 defunctus
940 1428 1151 1510 sepulturam

204 1529 348 1610 accepit.

221 1701 338 1784 Corpus
353 1699 623 1783 [Pallantiefilii]
639 1701 788 1764 Evandri
803 1709 955 1785 repertu-m
970 1709 1011 1763 est
1026 1700 1138 1763 Roma.

252 1822 357 1886 Anno
381 1824 504 1904 gratioe
534 1841 715 1888 mxxxvii.
732 1818 873 1907 ¹corpus
895 1824 1068 1888 Pallantis
1091 1824 1152 1887 filii
1168 1845 1221 1884 nn.
1234 1847 1290 1886 nu.

204 1921 370 1998 Evandri,
393 1922 435 1984 de
460 1943 530 2005 quo
546 1923 716 2004 Virgilius
743 1924 859 2001 refert,
887 1924 1011 1989 Romae
1037 1944 1153 2006 reper-
1167 1896 1309 1986 iiiffiounu

203 2029 276 2084 tum
309 2030 363 2085 est
387 2023 637 2104 incorruptum,
660 2025 791 2104 ingenti
819 2025 971 2087 omnium
1004 1997 1273 2086 admira-“mm

206 2121 312 2196 tione,
328 2121 420 2204 quod
438 2142 499 2203 per
514 2129 567 2185 tot
582 2123 711 2186 saeeula
725 2122 961 2203 integritatem
978 2122 1131 2185 servavit
1144 2143 1152 2201 ;

203 2222 336 2301 apertio
364 2230 479 2284 autem
504 2220 669 2298 vulneris,
694 2221 786 2303 quod
814 2223 850 2284 in
879 2220 992 2284 medio
1016 2231 1155 2302 pectore

203 2318 342 2383 Turnus
365 2320 505 2396 fecerat,
523 2329 672 2402 quatuor
692 2321 817 2402 pedum
841 2328 876 2383 et
898 2321 1001 2383 semis
1025 2320 1154 2384 habens

203 2418 439 2500 longitudinis.
503 2419 568 2483 Est
600 2428 774 2502 repertum
805 2428 911 2503 atque
941 2419 1154 2502 epitaphium

202 2516 400 2601 hujusmodi
414 2521 697 2601 superscriptum,

344 2675 432 2733 Filius
448 2676 575 2734 Evandri
592 2677 695 2746 Pallas,
711 2697 795 2754 quem
810 2679 908 2735 lancea
922 2677 1012 2735 Turni

385 2772 488 2830 Militis
502 2773 613 2842 oceidit,
627 2793 706 2832 more
721 2793 772 2831 suo
783 2776 860 2850 jacet
874 2775 928 2831 hie.

204 2918 353 2989 Ardens²
377 2925 520 2988 lucerna
540 2924 583 2988 ad
610 2932 717 3007 caput
741 2925 816 3007 ejus
837 2926 981 2988 inventa
1003 2933 1056 2988 est
1079 2933 1153 2988 arte

204 3025 403 3087 mechanica
418 3024 622 3106 composita,
636 3024 686 3086 ita
709 3031 749 3085 ut
768 3024 895 3086 nullius
911 3023 1077 3086 violentia
1092 3024 1155 3086 fla·

205 3130 273 3199 tuS,
294 3123 422 3186 nullius
448 3122 647 3203 aspersione
664 3121 807 3202 liquoris
822 3120 955 3185 valeret
972 3122 1152 3202 extingui3

205 3222 298 3303 quod
316 3241 395 3284 cum
412 3221 512 3285 multi
528 3221 746 3296 mirarentur,
756 3220 908 3302 quidam,
924 3220 1084 3283 subtilius
1101 3221 1154 3283 in·

203 3321 340 3401 genium
374 3320 516 3396 habens,
540 3320 621 3384 stilo
648 3320 770 3385 subtus
794 3320 967 3383 flammam
1000 3319 1152 3383 foramen

204 3418 297 3494 l'eeit,
311 3418 415 3496 undo,
431 3419 628 3483 introducto
643 3438 734 3496 aere,
749 3420 840 3501 ignis
858 3420 1020 3483 cessavit.
1067 3419 1152 3483 Cor-

203 3538 268 3600 pus
283 3539 420 3603 quoque
434 3519 478 3582 ad
493 3539 627 3583 murum
644 3527 742 3582 stans
760 3524 923 3594 ereetum,
937 3518 1153 3600 longitudine

204 3638 268 3681 sua
286 3620 399 3700 ipsum
415 3619 520 3698 vicit3
544 3619 603 3682 sed
623 3619 887 3700 procedentibus
901 3618 1033 3694 diebus,
1055 3617 1154 3681 stilli-

203 3718 302 3780 cidiis
322 3719 517 3782 rorantibus
534 3727 570 3782 et
582 3737 707 3800 corpus
723 3717 1040 3793 madefacientibus,
1064 3737 1154 3781 com-

239 3908 354 3973 ¹Corp1u
374 3907 529 3979 Pallantia]
554 3913 608 3961 Tho
625 3928 667 3962 ae-
691 3913 855 3973 inffi‘ouod
873 3917 992 3962 nontnne
1005 3912 1153 3961 crediderim

202 3986 278 4030 count
300 3981 430 4044 following
457 3983 479 4031 is
502 3981 579 4031 taken
603 3982 666 4031 from
690 3980 794 4043 sactum,
817 3984 877 4031 lieet
902 3982 1053 4043 Carmentis,
1076 3987 1155 4030 mater

203 4049 466 4115 malmsb111·y,§2oo.
693 4052 813 4114 Evandri,
829 4053 932 4100 Latinas
951 4053 1037 4100 literas
1054 4051 1155 4099 dicatur

690 4122 832 4181 invenisse;
849 4123 893 4170 sod
909 4122 943 4169 ab
955 4121 1037 4168 Ennio
1048 4121 1088 4167 vel
1105 4121 1155 4168 ulio

236 4187 354 4238 ²Ardurs
368 4189 485 4250 lucerna]
507 4190 665 4250 Malmsbury
690 4190 776 4251 aliquo
803 4193 907 4252 antiquo
935 4195 1009 4252 poeta
1032 4191 1157 4250 composi·

201 4260 266 4309 after
277 4261 318 4309 the
330 4262 434 4322 epitaph
446 4262 492 4310 has
509 4261 551 4310 the
569 4260 667 4309 follow·
691 4256 760 4310 tum?
