3000 5004
377 451 443 514 494
631 465 763 513 nocant
788 464 836 517 na
859 463 1067 511 wuunovau

379 622 599 687 bumbrorum
624 622 799 698 defuncto,
826 640 888 684 rex
903 619 1117 684 Eadwardus
1132 619 1248 697 Tosti,
1266 621 1336 684 fra-

378 721 425 786 tri
441 722 538 786 ducis
559 721 722 798 Haroldi,
739 722 903 784 ducatum
919 721 996 804 ejus
1017 720 1201 785 concessit.
1257 719 1334 783 Nec

380 821 490 886 multo
515 829 608 904 post,
631 839 694 885 rex
709 819 923 884 Eadwardus
941 821 977 882 in
1001 818 1175 900 colloquio
1191 817 1333 881 Londo-

380 921 447 984 niis
467 919 586 986 habito
604 920 775 1001 Algamm
790 918 951 982 comitem
967 912 1031 982 ¹ab
1047 917 1179 998 Anglia
1192 916 1335 980 exsula-

380 1020 443 1094 vit,
470 1020 530 1102 qui
552 1039 634 1084 mox
661 1018 867 1083 Hiberniam
890 1024 1023 1099 petens,
1050 1015 1243 1080 octodecim
1271 1036 1332 1079 na·

379 1119 481 1183 vibus
497 1119 650 1201 piraticis
667 1115 862 1201 adquisitis,
872 1115 997 1200 juncto
1011 1116 1076 1179 sibi
1087 1113 1235 1180 Griffino
1247 1114 1334 1180 Wa-

379 1218 537 1281 lanorum
562 1238 655 1300 rege,
668 1236 812 1298 regnum
830 1213 970 1295 Angliae
984 1214 1259 1297 depopulaturus
1281 1215 1334 1279 in·

381 1318 507 1396 travit3
541 1325 577 1382 et
606 1335 684 1380 cum
709 1315 848 1379 tandem
878 1312 1168 1378 Heresordeusem
1190 1314 1334 1397 provin·

381 1417 470 1480 ciam
494 1415 667 1479 hostiliter
681 1413 830 1477 fuissent
844 1412 1005 1494 ingressi,
1020 1413 1176 1477 obviavit
1193 1414 1243 1477 cis
1260 1414 1333 1478 dux

382 1513 603 1597 Ranulpbus,
631 1513 722 1596 regis
749 1512 934 1576 Eadwardi
963 1511 1091 1576 sororis
1125 1510 1231 1588 filius,
1254 1532 1333 1576 cum

382 1614 534 1677 exercitu
551 1612 680 1689 valido,
702 1611 762 1675 sed
786 1612 823 1674 in
845 1610 956 1693 primo
971 1610 1135 1674 conflictu
1150 1610 1242 1673 idem
1260 1610 1333 1675 Ra·

382 1712 533 1794 nulpbus
558 1731 636 1775 curn
659 1711 732 1774 suis
754 1711 873 1791 sugam
898 1709 1067 1792 arripuit;
1096 1709 1189 1791 quod
1213 1709 1334 1773 viden-

383 1817 436 1873 tes
451 1809 605 1891 Algarus
629 1817 664 1873 et
678 1806 846 1872 Griffinus
873 1808 1021 1872 insecuti
1044 1815 1127 1872 sunt
1145 1807 1266 1872 hostes
1279 1808 1334 1872 fu·

382 1908 516 1990 gientes
543 1916 581 1972 et
595 1907 804 1989 quingentos
829 1927 875 1970 ex
891 1907 942 1970 eis
963 1913 1194 1988 peremerunt,
1209 1914 1246 1971 et
1260 1907 1334 1972 vic·

383 2008 507 2072 teriam
531 2007 648 2090 adepti
666 2005 958 2070 Heresordensem
981 2006 1131 2088 ingressi
1150 2014 1233 2069 sunt
1247 2006 1334 2070 civi·

384 2115 503 2183 tatem,
516 2108 587 2183 ubi,
595 2114 726 2188 septem
739 2105 914 2169 canonicis
929 2106 1129 2188 peremptis,
1139 2106 1200 2186 qui
1215 2105 1335 2169 cathe-

383 2205 489 2269 dralis
499 2205 652 2270 basilicae
662 2205 783 2269 valvas
799 2203 1042 2281 defendebant,
1056 2202 1238 2268 ecclesiam
1255 2222 1335 2268 cum

384 2305 595 2369 ornamentis
626 2311 661 2368 et
693 2303 847 2386 reliquiis
873 2304 1147 2379 combusserunt,
1178 2309 1227 2379 et,
1258 2304 1337 2385 qui·

384 2404 529 2468 busdam
560 2404 693 2468 civibus
725 2402 916 2466 interfectis
946 2408 983 2465 et
1016 2400 1192 2465 nonnullis
1222 2403 1336 2485 capti-

383 2504 476 2566 vatis
491 2502 645 2585 villaqne
665 2508 829 2578 cremata,
852 2509 1068 2564 recesserunt
1086 2499 1214 2582 praedae
1235 2501 1338 2564 uber-

385 2607 458 2663 tate
493 2600 602 2664 ditati.
653 2600 721 2663 Sed
752 2600 818 2664 hoc
852 2599 982 2664 sactum
1015 2619 1093 2663 cum
1130 2599 1205 2680 regi
1240 2599 1335 2663 Ead-

385 2697 503 2761 wardo
528 2698 691 2774 innotuit,
719 2718 883 2780 magnum
912 2699 1104 2763 exercitum
1127 2699 1221 2780 apud
1247 2697 1337 2763 Glo-

384 2797 540 2861 verniam
563 2799 802 2880 congregavit,
820 2799 876 2862 cui
893 2797 1088 2862 Haroldum
1110 2796 1218 2860 filium
1236 2797 1336 2863 God-

384 2896 466 2959 wini
483 2896 687 2980 praeficiens,
697 2896 806 2980 jussit
822 2906 862 2961 ut
881 2898 999 2961 hostes
1021 2897 1264 2979 insequeretur
1280 2916 1337 2961 ar-

384 2996 517 3075 denter,
531 2997 590 3080 qui
614 2997 700 3060 fines
717 2996 946 3061 Wallensium
968 2996 1133 3060 audacter
1153 2996 1336 3078 ingressus

385 3104 501 3160 castra
519 3115 628 3178 usque
645 3097 690 3160 ad
705 3088 948 3159 'Suaudunam
970 3095 1152 3178 perduxit3
1178 3095 1336 3178 Algams

385 3204 502 3260 autem
528 3202 564 3259 et
579 3193 757 3271 Griffinus‚
773 3194 922 3259 scientes
941 3194 1138 3259 Haroldum
1161 3215 1238 3259 esse
1261 3197 1335 3260 bel-

385 3293 542 3371 licosum,
561 3293 725 3375 sugerunt
741 3312 763 3356 a
779 3292 867 3358 facie
891 3294 979 3379 ejus,
1004 3293 1054 3357 illi
1079 3294 1241 3358 resistere
1265 3314 1336 3359 non

386 3392 562 3456 audentes.
616 3391 796 3457 Haroldus
812 3412 908 3471 vero,
925 3400 1004 3476 post
1019 3412 1161 3474 gravem
1176 3392 1336 3457 Wallcn·

384 3492 473 3555 sium
496 3491 808 3573 depopulationem,
833 3492 924 3575 apud
954 3491 1197 3555 Heresordiam
1224 3492 1338 3557 diver-

385 3597 475 3666 tens,
490 3591 583 3653 vallo
599 3590 693 3654 illam
719 3591 792 3654 lato
810 3592 921 3656 cinxit
937 3599 972 3655 et
987 3592 1072 3668 alto,
1090 3592 1271 3673 portisque
1293 3611 1334 3657 ac

385 3690 471 3751 seris
493 3691 611 3752 urbem
638 3690 808 3769 munivit3
840 3691 900 3755 sed
928 3691 1057 3753 nuntiis
1081 3690 1222 3754 tandem
1245 3691 1338 3755 inter

384 3785 555 3868 Algarum
578 3796 613 3852 et
627 3808 743 3871 regem
759 3789 1031 3854 discurrentibus
1045 3788 1217 3852 infirmam
1234 3782 1336 3855 'con-

421 3952 482 4002 ¹Aa
498 3953 592 4015 Augila
609 3957 761 4020 ernincia]
779 3958 848 4006 ‘sive
908 3951 919 3984 ²
938 3951 1129 4024 ammam]
1162 3956 1342 4020 ‘stramen’

384 4025 462 4085 culpa
479 4025 625 4087 exlegavit'
636 4026 766 4087 Florence,
785 4027 848 4075 from
873 4026 940 4074 Flor.
952 4040 980 4072 or
990 4027 998 4053 ⁴
1009 4021 1166 4085 Streetdale‚'
1176 4026 1285 4087 l’yrrell.

384 4095 468 4143 wbom
479 4095 521 4143 tbe
532 4102 641 4145 account
652 4095 783 4158 following
801 4095 848 4145 bas
907 4093 918 4125 ⁸
931 4096 1089 4143 Concordiam
1100 4096 1282 4159 mouerant]
1293 4096 1337 4144 ‘in

384 4165 590 4226 beenabridged.
871 4165 928 4213 loco
954 4165 1000 4225 qui
1029 4165 1194 4227 Bililesleaga
1216 4165 1340 4224 dicitur3'

873 4234 939 4283 Flor.
