3000 5004
469 441 610 489 vnouns
634 442 903 493 ursvonmuuu.
1097 431 1163 494 335

205 594 351 658 fluvium
366 594 568 660 Thamesim
584 598 692 675 venit,
710 606 746 662 et
762 599 854 682 apud
869 593 1081 665 ¹Fulenham
1098 603 1161 686 hy-

204 695 345 758 emavit.
384 695 515 760 Eodem
528 715 621 761 auno
634 697 728 761 facta
740 706 793 761 est
802 692 961 782 'eclipsis
972 701 1065 765 lunae
1082 710 1162 785 post

205 794 353 857 mediam
370 804 519 872 noctem,
537 797 640 860 tertio
656 797 735 860 idus
753 798 930 863 Octobris,

239 967 289 1031 Do
300 967 467 1032 multotum
482 967 716 1055 depopulatione
733 967 933 1034 cenobiorum
947 971 983 1035 in
1003 972 1124 1037 Gallio.

255 1088 361 1155 Anno
387 1091 529 1156 Domini
555 1109 785 1156 noccnxxxr.
806 1086 973 1176 'plurima
993 1095 1028 1158 in
1052 1116 1158 1177 regno
1172 1117 1308 1207 ffirgpion

207 1189 420 1254 Francorum
445 1193 657 1255 monasteria
679 1211 702 1255 a
719 1193 866 1274 paganis
887 1192 1052 1257 demolita
1075 1203 1283 1259 suntorsoenn

205 1296 241 1353 et
264 1308 455 1369 concussa3
482 1291 573 1354 unde
597 1292 721 1355 fratres
741 1292 972 1356 Floriacensis
995 1293 1157 1371 coenobii,
1170 1268 1296 1357 ilidii&

204 1387 298 1452 beati
310 1389 490 1454 Benedicti
504 1391 640 1454 abbatis
657 1389 821 1473 reliquias
836 1391 879 1454 de
896 1390 1078 1473 sepulchro
1094 1411 1158 1456 ex·

205 1488 394 1566 trahentes,
410 1489 527 1553 hostes
544 1488 709 1571 fugiendo
733 1489 799 1554 hac
822 1490 972 1572 illacque
986 1491 1157 1555 discurre-

204 1586 301 1651 bant.
354 1587 484 1652 Eodem
500 1607 638 1672 quoque
653 1606 745 1652 anno
762 1608 825 1652 rex
838 1588 1005 1654 Alsredus
1029 1590 1158 1654 multos

204 1704 420 1768 paganorum
446 1688 594 1771 populos
615 1687 733 1752 navali
757 1689 878 1772 praelio
896 1689 980 1753 vicit
1001 1700 1037 1753 et
1051 1689 1158 1754 inter-

205 1783 298 1863 fecit,
314 1793 350 1849 et
367 1786 552 1851 nonnullos
567 1787 612 1850 ad
628 1787 880 1870 subjectionem
895 1788 1019 1870 coegit.

274 1955 317 2021 Ut
329 1955 412 2021 sedes
425 1957 608 2043 cpucopads
622 1977 643 2021 a
656 1957 873 2041 [lindisfarne
888 1959 924 2023 io
941 1959 1093 2023 Oestriom

570 2055 727 2120 translato
741 2057 793 2120 sit.

256 2178 360 2244 Anno
378 2179 520 2244 Domini
544 2173 960 2244 noccnxxx11.⁴sanctus
987 2179 1157 2244 Cuthbcr-
1171 2203 1280 2245 anau.
1315 2217 1321 2229 ·

205 2286 264 2343 tus
277 2278 438 2343 Eadredo
451 2280 570 2343 abbati
587 2279 766 2343 invisione
782 2287 952 2343 nocturna
972 2279 1157 2357 adsistensr,
1168 2254 1303 2345 liidie.

204 2379 371 2461 praecepit
395 2385 435 2442 ut
456 2378 587 2442 diceret
609 2379 772 2462 episcopo
797 2379 961 2460 regionis,
985 2355 1275 2460 qnatenus¹‘'⁰⁰'“¹'

205 2475 433 2554 Cuthredum,
458 2477 566 2541 filium
588 2475 819 2554 Hardecnuti,
837 2497 939 2560 quem
968 2477 1063 2541 Dani
1084 2480 1157 2542 cui·

206 2576 285 2639 dam
310 2576 424 2640 viduae
452 2577 487 2640 iu
512 2595 652 2641 servum
677 2577 904 2641 vendiderant
922 2578 1016 2661 apud
1038 2572 1157 2642 ⁶Win-

205 2675 372 2757 tigeham‚
397 2675 480 2739 dato
510 2676 622 2759 pretio
647 2676 853 2741 redimerent
877 2685 912 2741 et
943 2678 1157 2761 redemptum

204 2774 271 2837 sibi
303 2775 339 2838 in
369 2794 485 2857 regem
515 2783 769 2857 promoverent.
821 2774 902 2854 Quo
932 2777 1037 2854 facto,
1062 2796 1155 2842 anno

206 2874 299 2955 regis
314 2872 449 2937 Allredi
475 2876 578 2939 tertio
601 2874 733 2939 decimo
755 2875 831 2959 ipso
856 2876 903 2939 in.
917 2895 1033 2956 regem
1057 2895 1155 2939 coro-

205 2980 301 3049 nato,
325 2972 425 3037 sedes
449 2973 670 3056 episcopalis
687 2993 765 3055 quae
785 2975 881 3056 prius
903 2974 939 3036 in
964 2973 1155 3037 Lindislar·

204 3071 302 3136 nensi
333 3070 448 3137 suerat
470 3072 597 3150 insula,
624 3073 718 3156 apud
741 3072 912 3137 Cestrlam
937 3072 1155 3151 transfertur,

237 3310 667 3376 warennayvulnammiddle-
692 3311 769 3361 thien.
792 3312 819 3360 S.
842 3311 949 3372 sertui,
971 3311 1098 3372 Bonquet,
1119 3312 1155 3360 ix.

202 3396 258 3432 sex.
279 3382 333 3431 The
345 3382 406 3431 Sex.
418 3381 512 3431 Chron.
524 3381 575 3430 and
586 3382 667 3430 Aeser
692 3397 718 3443 p.
727 3385 769 3442 70,
776 3380 860 3429 where
871 3380 914 3428 tlte
924 3395 1011 3429 names
1021 3381 1050 3429 of
1058 3380 1100 3429 the
1112 3395 1154 3429 se·

202 3451 276 3514 place
286 3451 337 3500 this
347 3451 569 3500 invasioninsw.
692 3450 761 3499 veral
773 3450 1130 3498 monasteriesarerecorded.

238 3518 368 3583 'Belipsis
378 3519 464 3583 lam]
481 3521 523 3569 An
534 3520 629 3581 eclipse
640 3520 670 3568 ol
727 3517 863 3569 ⁴Sanctus
881 3519 1051 3583 entismo]
1077 3519 1153 3568 Com-

201 3589 245 3639 tho
264 3603 312 3638 sun
334 3591 358 3638 is
377 3590 476 3638 noticed
498 3591 524 3638 in
543 3589 586 3638 the
605 3589 665 3639 Sax.
692 3603 752 3649 pare
769 3588 863 3638 Chron.
881 3588 914 3636 de
929 3587 1046 3649 Mailros,
1060 3588 1094 3637 nd
1110 3603 1153 3638 an.

202 3659 666 3720 chron.andbymserasoccurr1ng
691 3662 750 3720 883,
766 3658 829 3707 with
845 3659 888 3706 tlre
905 3662 973 3718 story
992 3672 1021 3706 aa
1043 3658 1096 3707 told
1118 3659 1152 3719 by

201 3729 228 3777 in
244 3729 287 3777 the
306 3728 443 3790 preceding
454 3744 525 3790 year,
540 3729 592 3777 and
605 3728 665 3776 both
692 3728 825 3790 Hoveden,
835 3744 861 3790 p.
871 3731 929 3776 418.
951 3728 1061 3789 Simeon,
1073 3729 1098 3776 in
1109 3727 1151 3776 the

202 3798 341 3860 aneclipse
358 3798 387 3846 of
401 3798 443 3846 the
458 3813 507 3847 sun
524 3798 575 3848 and
593 3811 665 3846 moon
691 3811 752 3857 year
763 3802 820 3859 888,
831 3797 925 3858 merely
936 3797 1041 3859 notices,
1052 3796 1153 3847 ‘Guth-

201 3868 236 3929 by
247 3867 377 3917 Calvinus
388 3868 414 3915 in
425 3871 482 3916 778.
690 3866 735 3914 red
757 3882 790 3915 ex
808 3882 881 3916 servo
903 3867 985 3915 lactus
1005 3871 1044 3916 est
1064 3882 1108 3916 rex
1126 3871 1152 3915 et

237 3933 371 3985 ’Plurima
386 3936 414 3984 in
429 3951 505 3999 reguo
516 3935 666 3985 Francorum
691 3936 765 3984 sedes
773 3936 925 3997 episcopalis
940 3937 967 3983 in
978 3936 1152 3985 Cnnlrecestra

201 4006 368 4069 noemmin]
384 4005 465 4055 Asser
475 4005 526 4055 aud
543 4006 586 4054 tlre
603 4005 665 4055 Sex.
689 4005 1152 4066 restauratur,'butnltervvardsinthe

201 4074 295 4125 chron.
306 4076 373 4125 reler
382 4075 453 4124 these
469 4089 575 4136 ravages
586 4079 612 4122 to
622 4074 664 4122 the
691 4075 894 4135 Recepitulation
906 4075 1007 4123 recorda
1019 4074 1038 4122 it
1049 4079 1076 4122 at
1087 4074 1144 4122 lull.

201 4159 271 4194 same
290 4159 361 4206 army
372 4144 428 4193 duat
438 4144 489 4194 lind
499 4142 621 4192 wintered
638 4149 665 4192 at
723 4142 734 4173 ⁸
751 4144 939 4208 Wiutigetamy
956 4142 1153 4205 Wintingeham‚

200 4213 318 4265 Fulham.
362 4215 487 4276 Compare
509 4213 602 4263 cnon.
624 4213 664 4262 Si·
689 4213 721 4263 1..
