3000 5004
343 455 410 523 258
598 468 733 518 nossar
756 468 805 516 na
827 467 1034 517 waunovna

346 625 549 705 Lieheseld3
581 628 619 691 in
639 625 914 708 legacestrensi,
936 623 1038 708 cnjus
1058 623 1302 708 episcopusin

345 726 467 792 cadem
483 726 569 790 urbe
586 725 704 791 sedem
727 725 854 804 habet;
888 725 926 788 in
941 723 1175 800 lincolnensi,
1196 721 1301 806 cnjus

346 826 532 910 episcopus
554 825 672 889 sedem
693 825 799 888 habet
815 824 851 888 in
870 823 1087 906 Lyndeseia3
1114 822 1151 886 in
1167 820 1300 887 North-

346 924 577 1007 amptonensi,
610 924 816 999 Oxoniensi,
847 921 1177 1004 Buckinghamensi,
1205 920 1301 987 Bed-

345 1023 512 1100 sordensi,
529 1023 834 1100 Huntendunensi,
849 1021 1128 1103 cantabrigensi,
1144 1028 1180 1085 et
1200 1020 1302 1084 dimi-

346 1122 407 1187 dia
423 1121 679 1199 Hertsordensi,
690 1140 837 1205 quarum
853 1121 1038 1203 episcopus
1051 1120 1143 1204 apnd
1158 1118 1300 1185 Dorka·

347 1221 509 1287 cestriam
531 1222 648 1286 sedem
667 1221 795 1300 habet3
821 1222 857 1285 in
876 1220 1065 1303 provinciis
1082 1219 1241 1284 Essexiae
1263 1227 1300 1283 et

349 1320 603 1399 Middelsexiae,
631 1328 667 1386 et
694 1319 837 1384 dimidia
868 1317 1125 1395 Hertfordensi,
1151 1337 1299 1401 quarum

347 1420 494 1484 antistes
517 1420 633 1484 sedem
658 1419 763 1483 habet
783 1419 821 1481 in
844 1419 931 1483 urhe
951 1418 1232 1497 londoniarum
1263 1419 1301 1481 in

350 1517 571 1584 Norsolcensi
603 1526 639 1584 et
672 1518 877 1583 Suffolcensi
910 1518 979 1582 duo
1018 1525 1102 1582 sunt
1132 1516 1299 1600 episcopi,

349 1636 440 1682 unus
454 1617 747 1693 Helmhamensis,
761 1626 798 1681 et
818 1617 908 1681 alter
922 1617 1186 1682 Dommuoensis
1200 1636 1210 1695 ;
1238 1615 1302 1680 do·

348 1715 547 1781 minabatur
574 1719 680 1782 etiam
711 1716 933 1798 snotingensi
966 1716 1167 1799 provincis,
1199 1714 1301 1798 cnjus

351 1813 598 1880 christianitas
636 1817 680 1879 ad
719 1816 1014 1898 archiepiscopum
1047 1814 1302 1880 Eboracensem

350 1920 498 1997 spectat.
561 1914 616 1979 Ex
641 1915 694 1979 his
716 1916 876 1980 omnibus
901 1914 1089 1997 provinciis
1114 1914 1210 1979 dedit
1235 1933 1299 1978 rex

350 2012 519 2096 prefatus
533 2013 714 2079 denarium
731 2015 825 2079 beati
835 2013 945 2090 Petri,
958 2020 998 2078 ut
1013 2012 1217 2095 praedietum
1234 2021 1302 2089 est,

350 2112 443 2195 quod
457 2111 607 2196 Anglice
623 2113 855 2179 ‘Romescot'
870 2112 1078 2195 appellatur.

382 2285 432 2350 Do
443 2282 679 2371 pommiom‘das
691 2283 731 2350 cd
749 2284 820 2369 Offa
833 2282 1015 2352 maauaie
1029 2284 1131 2351 macti
1145 2281 1267 2349 Alteri

761 2383 891 2450 collatis.

189 2514 339 2614 mg·
402 2500 524 2570 Dedit¹
544 2514 714 2589 praeterea
729 2506 820 2585 Offa,
834 2527 896 2572 rex
912 2507 1185 2590 potentissimus,
1199 2507 1304 2572 beato

352 2606 599 2688 protomartyri
631 2604 771 2672 Albano
803 2607 923 2671 villam
955 2625 1055 2671 suam
1083 2606 1303 2683 dominicam,

352 2723 431 2786 quae
449 2705 575 2786 viginti
590 2703 696 2769 ferme
711 2706 872 2771 milliaria
888 2726 911 2771 a
925 2706 1126 2771 Verolamio
1143 2705 1253 2770 distat
1267 2713 1304 2771 et

353 2801 585 2868 ‘Wnceslaw’
594 2813 826 2888 nuncupatur,
836 2814 872 2870 et
886 2804 1090 2871 tantundem
1104 2823 1167 2886 per
1177 2805 1304 2870 circui-

352 2908 439 2980 tum,
463 2903 553 2968 sicut
582 2923 690 2986 usque
719 2904 821 2969 hodie
845 2904 975 2987 scripta
1000 2905 1094 2986 regis
1116 2911 1305 2982 testantur,

353 3021 431 3084 quae
449 3001 485 3064 in
502 3001 651 3084 praefata
671 3003 818 3068 basilica
839 3004 1084 3082 continentum
1109 3022 1189 3085 qnae
1205 3004 1304 3069 vide·

352 3100 435 3164 licet
463 3100 607 3165 basilica
634 3109 735 3166 tanta
764 3102 924 3167 libertate
947 3101 1168 3185 privilegiata
1196 3103 1304 3166 reinl-

354 3206 425 3280 get,
443 3207 482 3263 ut
499 3202 542 3264 ab
557 3200 750 3282 apostolica
772 3202 1033 3279 consuetudine,
1050 3210 1086 3265 et
1099 3201 1225 3280 reditu,
1242 3205 1304 3285 qui

355 3303 364 3331 ‘
379 3297 587 3364 Romescct'
602 3300 738 3377 dicitur,
757 3319 835 3363 cum
851 3320 963 3384 neque
978 3321 1053 3377 rex,
1066 3320 1178 3384 neque
1192 3301 1306 3365 archi-

354 3397 537 3480 episcopus
554 3399 609 3463 vel
624 3399 820 3482 episcopus,
834 3400 942 3464 abbas
957 3398 1013 3464 vel
1027 3400 1133 3482 prior,
1150 3407 1213 3465 aut
1227 3402 1306 3483 qni·

352 3495 438 3560 libet
448 3498 484 3560 in
499 3517 606 3579 regno
622 3501 666 3562 ab
682 3499 775 3562 illius
788 3483 960 3563 solutione
974 3498 1022 3562 sit
1036 3500 1211 3576 immunis,
1225 3501 1305 3584 ipsa

354 3594 492 3677 quidem
508 3596 584 3660 sola
600 3598 718 3679 quieta
733 3606 786 3662 est
802 3619 810 3677 ;
841 3598 877 3661 in
899 3600 1119 3682 presbyteros
1135 3605 1252 3664 autem
1269 3608 1305 3666 et

355 3693 464 3757 laicos
485 3695 592 3758 totius
615 3698 843 3777 possessionis
866 3717 940 3761 suae
967 3698 1087 3775 abbas,
1112 3698 1167 3761 vel
1190 3698 1305 3764 archi·

346 3790 521 3855 diaconus
535 3794 723 3858 monachus
737 3798 802 3860 sub
818 3796 894 3880 ipso
908 3797 1130 3874 constitutus,
1140 3797 1201 3881 jus
1218 3818 1306 3882 pon·

356 3886 483 3954 tificale
510 3901 660 3970 exercet,
691 3893 741 3959 ita
773 3904 810 3960 ut
835 3895 921 3961 nulli
950 3894 1211 3980 archiepiscopo
1244 3909 1307 3965 aut

355 3989 484 4073 legato,
507 3992 573 4054 nisi
597 4012 732 4059 summo
757 4003 893 4059 tantum
922 3995 1090 4079 pontifici,
1116 3997 1304 4082 subjectio·

395 4241 402 4278 ²
415 4246 492 4296 Dedit
502 4243 643 4317 preterea]
662 4249 787 4312 Compare
802 4251 855 4302 vit.
867 4251 944 4314 offe,
954 4250 997 4302 cd.
1009 4249 1074 4301 Mat.
1086 4250 1172 4314 Paria,
1182 4268 1209 4316 p.
1222 4258 1263 4306 ⁸1.
