3000 5004
345 452 412 516 :364
602 465 736 513 uocaui
760 464 807 510 nn
830 462 1037 511 wnunovuu

341 774 345 785 ³
362 701 412 784 De
426 699 665 784 Rolhneprimo
680 699 937 762 Normooaomm
951 695 1027 759 duee
1039 705 1067 759 et
1082 693 1149 778 ejus
1162 693 1289 758 einim

190 843 274 883 ram.
400 815 516 886 Circa¹
526 821 600 884 dies
613 821 712 896 istos,
727 819 832 884 Rollo
843 818 997 900 quidam,
1008 819 1149 881 natione
1164 818 1299 893 Dauus,

189 892 324 989 hmo.
349 922 504 983 maxima
536 921 687 1002 stipatus
717 919 851 993 militia,
880 919 916 980 in
945 916 1112 998 Angliam
1145 917 1298 991 veniens,

349 1020 502 1084 locorum
525 1018 785 1101 depopulationi
803 1017 953 1081 vacavit.
1006 1015 1071 1079 Est
1093 1022 1210 1079 autem
1225 1015 1299 1079 Da·

350 1120 420 1195 nia,
451 1119 525 1182 sive
550 1116 816 1192 Danemarchia,
844 1115 949 1178 maris
971 1113 1097 1190 insula,
1124 1133 1239 1185 rerum
1264 1122 1298 1178 et
1363 1192 1366 1196 ἡ

350 1218 501 1280 maxime
524 1214 700 1278 hominum
726 1212 906 1278 fertilitate
927 1213 1102 1288 foecunda,
1120 1213 1222 1295 cujus
1245 1231 1298 1275 re·

350 1335 411 1396 ges
438 1315 630 1396 antiquitus
655 1312 790 1376 sancita
813 1312 890 1392 lege
917 1318 1125 1386 statuerunt,
1145 1318 1197 1386 ut,
1217 1311 1297 1373 dnm

349 1414 452 1476 nimis
475 1413 589 1475 insula
611 1419 703 1475 esset
727 1410 922 1475 hominibus
945 1409 1089 1491 repleta,
1104 1409 1169 1473 viri
1189 1410 1297 1472 auda·

349 1513 460 1576 ciores
488 1510 530 1573 de
555 1511 704 1593 propriis
735 1511 886 1590 migrare
916 1508 1055 1572 sedibus
1080 1515 1297 1587 cogerentur.

350 1610 406 1673 Ex
429 1610 494 1673 hac
517 1610 663 1690 denique
686 1609 910 1690 expulsorum
931 1615 1026 1671 sorte
1046 1605 1151 1669 Rollo
1173 1625 1297 1688 supra·

348 1708 462 1771 dictus
493 1706 600 1770 fuisse
629 1709 808 1784 asseritur,
831 1707 886 1771 vir
912 1713 1073 1769 strenuus
1100 1711 1136 1768 et
1160 1712 1297 1787 potens,

349 1825 451 1888 quem
484 1814 595 1887 pater,
626 1813 761 1869 retento
793 1806 1024 1888 primogenito
1058 1803 1131 1866 filio
1161 1811 1202 1868 ut
1231 1804 1296 1867 sihi

350 1904 561 1981 succederet,
585 1903 770 1968 Rollouem
792 1924 815 1969 a
838 1924 875 1968 se
898 1904 1101 1979 transmisit,
1125 1910 1165 1967 ut
1189 1902 1300 1966 haere-

348 2002 492 2068 ditatem
515 2003 632 2080 armis,
653 2022 859 2086 quocunque
874 2022 951 2067 sors
975 2002 1189 2079 concederet,
1205 2003 1296 2065 ohti-

349 2111 469 2181 neret3
492 2103 553 2166 illo
576 2102 695 2183 igitur,
713 2110 752 2165 ut
774 2102 977 2184 praedictum
1000 2108 1064 2176 est,
1081 2101 1116 2163 in
1132 2098 1297 2182 Angliam

348 2202 508 2283 appulso,
524 2200 697 2283 indigenae
713 2202 832 2265 statim
847 2201 1004 2285 praelium
1021 2219 1098 2264 cum
1114 2200 1192 2281 ipso
1203 2219 1296 2263 corn·

348 2302 528 2377 miserunt,
550 2301 623 2377 sed,
647 2301 765 2363 multis
792 2319 932 2364 suorum
955 2299 1156 2374 interfectis,
1178 2300 1295 2363 caeteri

348 2397 391 2462 de
425 2399 503 2462 loco
537 2400 735 2463 certaminis
766 2398 987 2480 aufugerunt.
1055 2397 1159 2461 Rollo
1190 2398 1298 2480 igitur

347 2516 425 2560 cum
449 2503 530 2578 post
554 2499 658 2561 maris
682 2497 846 2580 pericula,
864 2498 908 2561 ob
928 2497 982 2560 sui
1006 2514 1217 2578 suorumque
1239 2517 1296 2560 re·

347 2595 568 2670 creationem,
593 2597 629 2659 in
646 2595 777 2677 Anglia
800 2596 990 2679 hyemaret,
1012 2596 1124 2659 visum
1152 2603 1207 2658 est
1230 2595 1294 2658 sihi

347 2693 390 2756 de
412 2701 513 2756 nocte
533 2693 715 2758 dormienti
736 2714 843 2777 supra
866 2714 904 2758 se
926 2705 961 2758 ct
984 2694 1172 2757 exercitum
1195 2712 1293 2756 suum

347 2810 493 2854 examen
526 2809 629 2873 apum
659 2793 774 2856 subito
798 2793 944 2857 volitare
974 2801 1009 2856 ct
1039 2811 1117 2854 cum
1147 2792 1294 2855 stridore

347 2890 534 2953 australem
554 2899 671 2972 petere
691 2893 866 2973 regionem
880 2911 1008 2973 perque
1025 2891 1130 2953 maris
1146 2890 1294 2953 medium

345 2989 390 3052 ad
413 2996 541 3053 terram
558 2989 708 3054 volando
730 2992 920 3073 pervenire,
943 2990 1001 3053 uhi
1027 2990 1132 3053 etiam
1151 3007 1295 3070 congre-

346 3088 454 3168 gatim
491 3088 527 3150 in
557 3086 737 3152 frondibus
772 3090 933 3152 arborum
967 3088 1180 3152 diversarum
1212 3088 1295 3159 insi?

345 3184 465 3250 dentes
494 3206 698 3268 omnemque
724 3207 806 3251 mox
831 3188 1006 3269 regionem
1031 3185 1295 3267 perlustrantes,

345 3291 527 3367 coeperunt
549 3285 585 3348 in
611 3284 696 3348 locis
719 3286 865 3349 diversis
882 3286 1054 3349 variorum
1075 3285 1177 3347 flores
1200 3284 1292 3348 colo·

344 3402 419 3445 rum
445 3383 616 3445 inlocum
639 3402 747 3447 unum
765 3404 986 3466 congregare.
1030 3382 1211 3464 Evigilans
1227 3384 1292 3446 ita·

344 3501 412 3564 que
423 3480 540 3558 Rollo,
554 3483 665 3563 primo
678 3483 844 3546 visionem
863 3502 978 3546 secum
997 3487 1200 3564 pertractat,
1217 3482 1291 3566 ejus

343 3580 666 3660 interpretationem
694 3580 878 3662 diligenter
905 3582 1109 3645 examinans
1140 3581 1291 3663 requiem

343 3678 397 3739 sui
427 3678 556 3741 laboris
584 3698 792 3761 suorumque
818 3681 854 3744 in
884 3679 1012 3744 eisdem
1037 3680 1207 3762 partibus,
1234 3679 1291 3742 ubi

391 3939 399 3972 ¹
421 3943 494 3991 Circo
522 3944 575 3993 dies
602 3945 671 4006 mos,
700 3945 803 4008 Ralla]
832 3945 1293 4006 yearthennmlmcribedtonsser

344 4012 503 4074 Mnlmsbury
525 4014 576 4062 and
603 4015 675 4063 other
697 4015 804 4075 English
829 4015 916 4064 record
934 4015 977 4063 the
988 4014 1075 4063 dream
1092 4016 1236 4064 mentioned
1249 4016 1291 4063 ho·

344 4082 495 4131 chroniclers
506 4085 585 4145 speak
600 4083 628 4132 ol
636 4084 679 4131 the
690 4084 804 4132 invasion
829 4085 888 4134 low.
924 4084 977 4132 The
996 4088 1104 4133 account
1114 4086 1141 4132 iu
1152 4083 1195 4132 the
1206 4090 1260 4133 text
1271 4085 1292 4132 is

343 4153 372 4199 os
394 4154 523 4213 Naustria,
543 4168 571 4201 or
594 4152 751 4214 Nonuandy,
770 4155 804 4214 by
830 4154 906 4202 taken
918 4153 980 4203 from
989 4153 1292 4216 williamoltumiegea

343 4220 416 4271 Rollo
432 4223 457 4270 in
477 4223 519 4271 the
535 4236 596 4282 year
612 4225 671 4283 876,
681 4222 708 4270 in
719 4222 802 4271 which
829 4224 857 4274 ii.
869 4221 895 4289 ἑξ
907 4229 931 4273 5.
943 4227 967 4274 9.
