3000 5004
351 461 417 527 518
608 474 743 525 aoesar
769 475 816 523 ns
839 474 1047 523 wnnnovna

353 632 458 697 armis
481 630 651 711 invictos3
675 629 719 695 ad
742 629 817 695 haec
839 622 959 694 ¹srater
981 628 1085 712 regis,
1103 628 1219 694 Gurtb
1243 651 1308 695 no-

352 732 456 809 mine,
473 731 526 795 vir
541 731 635 795 ultra
651 737 791 795 reatem
804 729 957 811 ingentis
971 728 1127 794 scientiae
1141 737 1177 794 et
1192 731 1309 794 virtu·

352 831 410 908 tis,
427 831 544 914 rapuit
559 849 752 894 sermonem
774 849 819 894 ex
835 848 895 892 ore
911 828 987 912 ejus
1004 828 1143 908 dicens;
1171 827 1310 907 ‘Cum,'

352 930 477 1012 inquit,
499 935 655 994 ‘tantam
673 928 956 993 Normaunorum
978 927 1146 1011 praedices
1166 927 1308 992 sortitu-

352 1028 480 1107 dinem,
503 1027 737 1093 inconsultum
767 1028 929 1092 existimo
963 1045 1043 1090 oum
1072 1025 1159 1111 ipsis
1183 1027 1307 1092 confli·
1390 1093 1393 1098 ,

352 1147 447 1210 gere,
464 1128 590 1212 quibus
611 1126 754 1191 inferior
776 1127 900 1192 merito
924 1133 960 1191 et
980 1127 1104 1190 robore
1121 1126 1306 1207 habearis;

353 1246 417 1291 nec
439 1229 530 1292 enim
552 1227 789 1293 contradicere
804 1227 915 1302 vales,
931 1227 1016 1309 quin
1032 1224 1112 1290 duci
1126 1225 1306 1290 Willelmo

352 1335 606 1391 sacramentum
622 1326 744 1390 seceris
758 1324 1040 1403 voluntaric,-vel
1054 1324 1196 1403 invitus,
1211 1327 1306 1390 unde

352 1425 544 1489 consultius
566 1444 662 1508 ages,
677 1424 758 1489 siin
777 1425 923 1489 instanti
940 1424 1147 1488 necessitate
1167 1431 1203 1488 te
1222 1427 1305 1488 sub-

354 1524 487 1602 trahas,
504 1544 560 1602 ne,
580 1525 610 1589 si
632 1524 792 1608 perjurus
817 1522 1011 1602 decertans,
1030 1523 1086 1588 vel
1109 1523 1229 1605 sugam
1248 1524 1308 1589 vel

353 1630 499 1688 mortem
520 1624 689 1701 incurras,
714 1622 775 1687 sed
803 1641 866 1687 nos
894 1623 1035 1687 omnino
1064 1641 1086 1686 a
1105 1623 1308 1706 juramento

353 1722 506 1806 expediti
523 1723 661 1807 justum
685 1722 912 1805 suscipiemus
935 1721 1075 1799 bellum,
1097 1741 1162 1805 pro
1186 1724 1305 1804 patria

352 1821 561 1903 pugnaturn
577 1822 628 1885 sie
643 1821 742 1885 nobis
757 1821 994 1904 pugnantibus
1009 1820 1106 1898 solis,
1119 1839 1227 1886 causa
1245 1830 1307 1887 tua

351 1919 389 1987 in
413 1919 536 1985 melius
561 1920 831 2004 prosperabitur,
851 1919 933 1984 dum
960 1939 1023 1985 nos
1048 1920 1222 2002 fugientes
1250 1941 1306 1985 re·

352 2021 509 2098 stituere,
534 2020 588 2085 vel
614 2026 768 2085 mortuos
795 2020 915 2084 valeas
938 2018 1139 2084 vindicare!
1179 2019 1307 2086 Noluit

353 2126 470 2184 autem
493 2119 643 2184 Hamldi
670 2119 847 2184 temeritas
873 2138 991 2183 aurem
1016 2119 1189 2202 placidam
1216 2139 1307 2201 prae·

353 2219 435 2282 bere
451 2219 619 2296 monenti,
635 2218 822 2301 inglorium
842 2219 1047 2283 existimans
1066 2225 1102 2282 et
1119 2219 1203 2284 vitae
1216 2239 1308 2302 prar-

353 2319 467 2383 teritae
479 2319 713 2402 opprobrium,
723 2318 883 2401 cuiquam
900 2317 993 2383 hosti
1007 2326 1107 2400 terga
1117 2318 1306 2383 denudare.

408 2491 497 2572 Quod
509 2491 672 2558 monachae
685 2513 707 2556 o
722 2490 798 2557 duee
821 2491 974 2556 Willelmo
988 2493 1098 2557 missus
1111 2490 1257 2557 Horoldc

688 2591 754 2655 triu
764 2589 964 2677 proponebat.

403 2712 491 2777 Cum
509 2712 584 2778 haec
600 2713 684 2778 dicti
703 2714 829 2779 fratres
854 2714 899 2779 ad
921 2716 1070 2781 invicem
1092 2715 1304 2780 sermocina-

261 2822 309 2902 σω·
352 2819 482 2890 rentur,
498 2814 698 2895 supervenit
712 2814 901 2879 monachus
917 2815 1058 2898 quidam
1075 2833 1097 2877 a
1115 2813 1202 2879 duce
1213 2813 1305 2878 Wil-

352 2911 455 2977 lelmo
468 2913 704 2990 transmissus,
719 2914 779 2996 qui
795 2933 839 2976 ex
854 2920 954 2995 parte
969 2914 1045 2997 ejus
1061 2912 1220 2978 Haroldo
1236 2914 1306 2978 tria

352 3012 579 3095 proponebat,
602 3020 642 3077 ut
664 3012 721 3077 vel
748 3030 771 3075 a
799 3032 907 3095 regno
928 3013 1034 3098 juxta
1061 3031 1162 3076 suum
1186 3030 1305 3076 sacra·

352 3118 507 3176 mentum
531 3111 721 3189 decederet,
744 3111 799 3175 vel
824 3112 889 3175 sub
914 3132 955 3176 eo
984 3119 1194 3193 regnaturus
1223 3130 1302 3193 reg-

353 3231 435 3274 num
468 3218 613 3288 teneret,
638 3211 695 3274 vel
724 3210 885 3294 denique,
911 3218 1092 3294 spectante
1122 3210 1303 3274 amborum

352 3311 521 3387 exercitu,
540 3309 606 3374 soli
623 3329 694 3374 rem
711 3309 837 3391 gladiis
852 3311 1075 3375 ventilarent.
1128 3309 1219 3374 Haec
1240 3328 1305 3374 au-

352 3408 450 3472 diens
465 3408 657 3487 Haroldus,
671 3409 825 3491 legatum
836 3409 1004 3473 Willelmi
1020 3428 1083 3473 nec
1097 3409 1187 3473 bono
1203 3409 1304 3473 vultu

353 3508 535 3591 respicere,
558 3527 621 3572 nec
644 3509 781 3593 placido
804 3528 961 3573 sermone
978 3509 1089 3573 voluit
1108 3508 1305 3586 admittere,

352 3607 533 3689 sedilium
556 3607 774 3690 indignanter
791 3609 935 3690 abigens
957 3608 1023 3673 hoc
1046 3608 1157 3672 solum
1180 3627 1305 3689 preca·

352 3707 466 3785 batur,
489 3715 528 3772 ut
552 3706 642 3771 inter
667 3727 705 3771 se
726 3715 761 3772 et
781 3707 994 3772 Willelmum
1019 3707 1191 3772 Dominus
1208 3707 1307 3791 judi-

352 3813 469 3885 caret3
501 3806 544 3870 ad
572 3806 647 3871 haec
677 3808 866 3872 monachus
896 3808 1062 3872 audacter
1091 3805 1307 3890 respondens

388 4021 586 4088 ¹Fruterregir,
599 4025 683 4074 Gartlr
696 4026 812 4091 nomiae]
839 4026 923 4076 Gurth
943 4026 1062 4075 curvired
1081 4027 1123 4075 the
1142 4027 1230 4089 battle,
1251 4029 1305 4078 aud

353 4096 404 4145 Mr.
418 4096 508 4157 llardy
520 4096 646 4156 observes,
656 4095 712 4144 that
727 4097 753 4144 in
766 4111 813 4145 one
839 4111 894 4144 was
905 4111 964 4145 seen
981 4096 1007 4144 in
1018 4103 1129 4145 extreme
1144 4096 1186 4146 old
1203 4112 1252 4159 age
1271 4099 1307 4161 by

352 4166 381 4214 os
394 4165 437 4214 tlre
449 4164 571 4215 Harleiau
583 4166 659 4214 MSS.
671 4163 758 4230 (3776,
769 4165 812 4215 iol.
840 4167 927 4227 Henry
945 4167 987 4214 the
1006 4167 1115 4226 second3
1133 4167 1308 4230 Malmsbury,

352 4239 394 4298 al,
414 4232 452 4301 b,)
472 4236 541 4286 there
563 4237 586 4284 is
607 4250 624 4285 a
645 4235 736 4296 legend
758 4235 813 4285 that
839 4251 865 4297 p.
877 4240 936 4298 41³,
946 4241 1001 4285 cote
1011 4232 1031 4286 ².
