3000 5004
480 418 619 466 neonus
643 420 912 471 ursronranuu.
1125 408 1170 473 99

213 580 306 637 runt.
360 573 408 638 At
424 575 483 639 uhi
498 584 578 658 post
592 577 770 659 paululum
786 579 861 661 ipse
876 580 980 643 otiam
997 595 1058 644 rex
1073 581 1165 646 inter
1235 606 1237 611 ’

213 671 300 736 alios
318 672 510 740 delectatus
528 677 601 741 vita
620 686 819 742 sanctorum
834 679 1071 758 mundissima,
1089 701 1164 745 cre·

212 771 296 836 deus
312 767 526 859 ¹baptizatus
542 785 608 853 est,
621 785 801 859 coeperunt
814 780 931 860 plures
948 780 1100 862 quotidie
1118 781 1166 845 ad.

212 871 421 936 audiendum
437 875 518 939 vitae
532 877 672 939 verbum
684 877 856 941 confluere
869 897 921 956 ac,
937 879 1057 943 relicto
1076 899 1160 961 geu·

212 971 350 1037 tilitatis
365 993 492 1051 errore,
509 974 635 1038 unitati
650 977 805 1040 ecclesiae
820 996 895 1041 sese
914 978 1084 1042 credendo
1101 999 1159 1043 so·

213 1071 316 1135 ciare.
363 1073 470 1138 Dedit
490 1075 595 1138 etiam
615 1075 700 1157 ipsis
722 1075 921 1140 doctoribus
946 1079 1019 1141 suis
1042 1078 1158 1143 locum
1172 1099 1323 1141 notoriam

212 1171 304 1234 sedis
325 1191 517 1255 congruum
534 1174 657 1255 gradui
680 1194 799 1238 eorum
815 1176 851 1238 iu
875 1176 1093 1241 Dorobernia
1108 1179 1156 1240 ci·
1172 1150 1308 1202 “mm

211 1269 321 1335 vitate
345 1292 409 1336 sua
434 1274 629 1357 metropoli,
655 1283 689 1337 et
714 1277 926 1339 necessarias
950 1276 986 1338 in
1011 1276 1158 1341 diversis

210 1371 313 1433 rebus
335 1373 483 1436 contulit
504 1374 711 1437 mansiones.
757 1374 898 1438 Interea
922 1375 976 1438 vir
998 1375 1065 1439 Dei
1083 1375 1157 1441 Au-

193 1471 202 1487 ·
211 1470 373 1549 gostinus
388 1472 482 1536 veuit
501 1471 636 1551 Arelas,
657 1479 704 1551 et,
719 1467 1048 1557 ah²archiepisoopo
1064 1475 1158 1559 ejus-

210 1567 288 1632 dem
316 1570 468 1636 civitatis
491 1573 770 1656 archiepiscopus
797 1573 988 1651 ordinatus,
1019 1575 1053 1639 iu
1079 1574 1158 1639 Bri·

211 1669 366 1733 tanniam
380 1691 538 1735 reversus
556 1678 618 1736 est.

362 1818 534 1885 canobio-m
549 1819 628 1886 beati
643 1821 803 1887 Benedicti
818 1822 1002 1886 destruitur.

260 1941 364 2007 Anno
385 1944 509 2025 gratiae
533 1962 672 2009 uxcvrr.
692 1939 906 2009 ³coenobium
931 1945 1024 2009 beati
1045 1945 1158 2010 Bene·
1171 1967 1283 2008 auor.

209 2041 306 2118 dicti,
320 2042 413 2125 quod
427 2045 463 2107 iu
478 2053 595 2108 moute
610 2044 755 2109 Cassino
772 2046 862 2108 idem
880 2054 979 2128 pater
993 2045 1158 2109 sundave-
1170 2017 1292 2108 iiiiii·-

1170 2118 1218 2157 sluo
1227 2119 1263 2156 do·

208 2150 276 2218 rat,
292 2161 314 2205 a
328 2142 467 2225 perfidis
482 2143 721 2225 Lougohardis
734 2145 947 2210 destructum
968 2152 1033 2208 est.
1087 2145 1158 2208 Fu·
1170 2168 1260 2218 moy-r.

209 2242 344 2322 gieutes
369 2243 488 2325 itaque
509 2263 554 2307 ex
575 2244 695 2309 eodem
719 2244 797 2308 loco
820 2242 981 2307 monachi
1008 2243 1157 2308 Romam

208 2341 396 2423 petierunt,
408 2343 576 2424 regulam,
599 2362 704 2425 quam
718 2343 808 2407 idem
826 2351 968 2408 sanctus
991 2343 1157 2422 ediderat,

209 2459 326 2504 secum
342 2440 547 2505 deferentes.

258 2537 363 2605 Auno
378 2541 501 2622 gratiae
517 2557 672 2605 nxcvur.
689 2540 807 2605 floruit
825 2541 861 2603 in
879 2539 1005 2605 Galliis
1020 2540 1155 2622 Grego·
1169 2563 1277 2603 nosos.

208 2638 293 2719 rius,
308 2639 495 2705 Turouicae
509 2641 661 2706 civitatis
679 2641 874 2723 episcopus,
891 2641 950 2723 qui
972 2660 1017 2703 ex
1030 2634 1157 2704 ⁴Aver·

208 2738 287 2803 nico
315 2739 489 2805 territorio
523 2741 642 2804 attulit
672 2740 786 2804 sancti
822 2739 985 2822 reliquias
1008 2738 1155 2805 Juliani.

209 2836 339 2902 Eodem
364 2858 456 2902 anno
480 2847 621 2903 sanctus
640 2833 902 2914 ⁶Columbanus,
918 2837 1039 2901 doctor
1060 2838 1158 2904 Scot-
1170 2861 1300 2902 omaus.

205 2943 321 3001 torum
338 2946 374 3003 et
391 2937 583 3014 Pictorum,
598 2937 695 3014 obiit,
712 2939 773 3020 qui
788 2938 937 3020 posteris
954 2938 1026 3000 suis
1048 2939 1158 3002 multa
1169 2912 1319 2952 “mmm

207 3037 406 3101 sanctitutis
423 3036 631 3102 documenta
645 3037 795 3120 reliquit.

198 3211 201 3216 '
241 3194 418 3263 wopam
439 3197 496 3260 est]
525 3199 670 3262 According
695 3198 746 3246 and
764 3198 888 3259 Sigebert.
923 3196 978 3244 The
992 3194 1161 3256 prophscyot

206 3273 233 3317 to
243 3267 336 3331 lhom,
346 3284 416 3331 upon
426 3270 469 3319 the
486 3270 553 3318 least
565 3268 595 3317 ot
604 3270 667 3317 Peu-
692 3266 735 3316 the
746 3267 895 3316 subversiou
905 3266 934 3315 of
941 3264 991 3314 this
1006 3270 1157 3326 monastery,

206 3341 296 3399 tecum,
305 3338 391 3387 which
405 3339 497 3388 iuthat
507 3353 569 3399 year
579 3338 623 3387 tell
637 3353 669 3387 ou
694 3337 727 3397 by
751 3336 874 3385 Benedict
897 3334 1008 3396 himself,
1030 3335 1054 3382 is
1077 3340 1103 3383 to
1125 3336 1156 3383 be

204 3407 275 3458 June
285 3412 310 3458 ἵ.
346 3409 654 3470 SeeBeda,§5t,note.'
693 3404 772 3455 found
803 3406 829 3453 iu
861 3404 996 3465 Mobillou,
1020 3404 1113 3453 Annal.
1138 3405 1156 3453 i.

241 3474 468 3543 'Archiepiacopo.]
483 3479 669 3540 Virgiliuswas
693 3490 719 3536 p.
731 3479 773 3525 96.

206 3546 266 3596 thou
298 3547 450 3611 urchbishop
477 3547 507 3596 ot
530 3546 616 3609 Aries,
643 3552 668 3595 to
727 3543 738 3574 ⁴
759 3543 880 3595 Amico
907 3540 1065 3603 territoria]
1100 3541 1156 3590 Au·

205 3617 288 3665 whom
310 3616 427 3679 Gregory
448 3616 499 3666 had
522 3616 669 3678 previously
694 3629 794 3677 vergne.
830 3613 945 3676 Gregory
965 3613 1090 3674 piverim
1114 3625 1156 3685 sc·

204 3687 306 3735 written
332 3688 359 3736 iu
380 3686 548 3748 Augustine's
574 3685 668 3736 behali.
693 3690 769 3733 count
789 3684 819 3734 ot
836 3684 887 3733 this
906 3684 932 3732 iu
949 3682 990 3731 his
1010 3680 1076 3731 hoolr
1093 3679 1155 3729 ‘De

204 3755 333 3818 spelman,
352 3755 450 3806 Concil.
467 3772 494 3818 p.
514 3760 556 3805 rt.
592 3756 668 3817 Upon
692 3755 821 3803 miraculis
832 3755 859 3803 S.
868 3753 987 3814 saliani:
997 3766 1054 3816 cap.
1066 3751 1155 3800 xxxiv.

202 3826 246 3875 the
265 3824 324 3874 date
342 3825 372 3874 ot
385 3824 552 3887 Augustine's
567 3824 668 3874 ordinu-
693 3824 740 3872 See
760 3825 814 3873 also
833 3822 1072 3884 Msbihou,Aunal.
1091 3821 1111 3871 i.
1129 3836 1154 3882 p.

202 3897 255 3945 tion
272 3894 323 3943 und
338 3899 425 3943 retum
440 3900 466 3944 to
483 3894 612 3956 Euglsnd,
625 3909 668 3943 soe
692 3897 750 3942 2³8.

204 3964 256 4015 Mr.
267 3960 429 4014 Stercusou's
446 3968 514 4027 note,
525 3964 590 4013 Bed.
602 3965 616 4026 ς
627 3968 668 4014 58.
727 3959 935 4022 ‘Colamtom.]
951 3959 1005 4008 The
1024 3959 1116 4008 author
1131 3957 1160 4005 of

202 4035 251 4084 See
269 4033 324 4083 ulso
342 4034 476 4098 hlabillon,
491 4033 585 4084 Annal.
605 4035 624 4083 i.
641 4048 668 4095 p.
693 4031 734 4080 his
751 4031 796 4079 lite
813 4031 840 4077 in
859 4030 902 4079 the
920 4028 987 4078 Nov.
1007 4028 1070 4089 Lag.
1089 4027 1158 4086 Cap·

201 4108 260 4154 246.
695 4116 780 4163 grave,
800 4099 888 4161 places
909 4099 950 4146 his
967 4097 1043 4147 death
1066 4110 1098 4145 ou
1116 4096 1157 4143 the

239 4169 250 4201 ³
271 4172 411 4223 Corchium
433 4172 498 4222 leoli
518 4172 669 4236 Benedicti]
693 4171 757 4219 sard
766 4170 916 4230 December,
926 4168 934 4196 ‘
944 4170 1035 4216 ahout'
1045 4165 1088 4214 the
1098 4179 1160 4227 year

202 4242 265 4291 rur·
284 4242 308 4291 a
325 4243 380 4293 auo
397 4243 519 4293 mrum
542 4244 576 4304 b,
594 4243 670 4292 armo
694 4244 751 4290 ora.
993 4308 1037 4352 Η
