3000 5004
338 453 405 518 290
595 467 728 515 nocem
754 466 801 512 nn
824 462 1033 512 wnuuovna

343 645 447 690 unam
465 644 528 706 pro
546 644 627 706 rege
643 631 679 687 et
694 623 798 686 aliam
814 641 877 704 pro
894 620 1040 684 ducibus
1058 619 1134 704 ejus
1150 619 1187 683 in
1204 617 1299 682 hunc

344 724 483 789 modum
504 723 809 799 consentientibus,
834 740 897 803 pro
920 720 1033 784 salute
1058 726 1094 782 et
1118 717 1300 799 refrigerio

345 824 547 888 delictorum
579 842 748 899 snorum3
782 827 968 903 postquam
1000 826 1117 882 autem
1145 816 1301 880 defuncti

346 923 486 999 fuerint,
520 942 583 1005 pro
611 941 691 1003 rege
718 920 880 984 defuncto
914 918 1138 1000 singulariter
1168 925 1205 979 et
1235 935 1300 997 pro

347 1022 492 1086 ducibus
519 1022 756 1085 communiter.
812 1019 858 1083 Et
886 1016 952 1082 hoc
978 1018 1025 1080 sit
1046 1017 1191 1080 firmiter
1216 1034 1300 1078 con·

348 1122 510 1185 stitutum
543 1121 700 1184 omnibus
739 1119 858 1183 diebus
887 1115 1174 1191 Christianitatis
1208 1114 1302 1177 sicut

348 1221 492 1284 libertas
514 1220 705 1283 constituta
728 1226 792 1294 est,
818 1215 980 1298 quamdiu
1006 1214 1092 1278 fides
1114 1213 1240 1277 crescit
1265 1214 1301 1275 in

349 1328 452 1401 gente
466 1318 673 1400 Anglorum.
718 1317 855 1398 Scripta
879 1322 932 1377 est
956 1322 1072 1378 autem
1096 1313 1171 1376 baec
1194 1310 1304 1374 dona-

350 1419 455 1483 tionis
478 1418 599 1482 charta
621 1436 713 1481 anno
739 1416 862 1497 gratiae
888 1412 1174 1495 octingentesimo
1200 1411 1302 1490 quin·

351 1519 552 1599 quagesimo
563 1524 699 1598 quarto,
709 1521 835 1595 quarta
849 1512 1048 1587 indictione,
1058 1510 1181 1592 quinto
1191 1528 1302 1572 nonas

352 1615 574 1690 Novembris,
594 1615 629 1676 in
652 1614 736 1676 urbe
753 1613 941 1688 Wentana,
957 1618 1039 1674 ante
1054 1609 1168 1692 majus
1190 1608 1303 1671 altare

351 1715 443 1777 beati
461 1713 557 1777 Petri
573 1711 747 1793 apostoli.'

522 1880 565 1944 Ut
579 1901 633 1943 rec
648 1880 837 1964 Athelwlfns
853 1883 985 1944 Bonnam
993 1879 1132 1965 petiam.

192 2024 330 2072 rosamo
402 1995 487 2065 His¹
507 2002 559 2065 ita
583 2003 703 2082 gestis,
725 2022 786 2065 rex
812 2003 1017 2084 magnificus
1039 2001 1304 2066 occidentalium

191 2071 339 2163 dupinii&
352 2100 531 2164 Saxonum
550 2100 772 2178 Athelwlsus,
795 2121 873 2164 cum
898 2101 1028 2166 honore
1052 2102 1204 2165 maximo
1229 2099 1305 2164 Ro-

352 2219 444 2263 mam
473 2199 661 2282 profectus,
690 2200 791 2263 duxit
821 2219 939 2264 secum
970 2199 1165 2276 Alfredum,
1193 2199 1304 2262 filium

353 2317 454 2362 suum
472 2300 657 2382 juniorem,
679 2319 781 2382 quem
809 2300 944 2363 caeteris
971 2300 1129 2363 omnibus
1151 2297 1231 2380 plus
1254 2297 1307 2361 di-

353 2397 453 2472 lexit,
476 2405 516 2460 ut
537 2416 559 2459 a
581 2417 674 2479 papa
692 2397 808 2462 Leone
830 2399 983 2462 moribus
1010 2398 1141 2481 pariter
1164 2404 1200 2460 ct
1224 2395 1305 2459 reli·

355 2495 458 2575 gione
482 2495 724 2560 informaretur
750 2496 888 2559 ibidem.
942 2496 1012 2560 Ubi
1035 2516 1113 2560 cum
1140 2514 1232 2558 anno
1254 2494 1307 2556 in-

356 2600 454 2673 tegro
472 2613 533 2657 rex
557 2613 635 2657 cum
651 2595 722 2658 filio
739 2595 937 2658 demoratus
952 2595 1086 2671 fuisset,
1099 2594 1181 2658 fecit
1197 2593 1307 2656 filium

356 2709 455 2754 suum
478 2693 525 2755 ibi
542 2685 581 2754 ²a
601 2711 693 2774 papa
712 2694 748 2756 in
770 2712 887 2773 regem
909 2693 1081 2769 coronari,
1098 2700 1204 2774 atque
1227 2699 1310 2774 post

356 2789 430 2852 dies
447 2810 576 2872 paucos
591 2791 635 2854 ad
652 2792 801 2874 patriam
823 2791 959 2854 rediens
975 2792 1077 2854 duxit
1093 2785 1308 2868 ³Judetbam,

358 2887 474 2951 Caroli
488 2890 580 2970 regis
599 2890 810 2953 Francorum
824 2890 942 2966 filiam,
959 2910 1074 2954 secum
1093 2891 1129 2954 in
1141 2887 1308 2970 Angliam

357 2988 422 3051 sibi
441 2989 660 3052 matrimonio
675 2989 873 3070 copulatam
886 3009 895 3066 3
919 2988 979 3052 sed
992 2989 1135 3065 interea,
1150 2988 1232 3051 dum
1244 3008 1309 3052 rex

358 3106 489 3150 moram
511 3087 641 3150 faceret
667 3086 702 3150 in
727 3088 883 3169 partibus
910 3088 1162 3163 transmarinis,
1185 3093 1312 3151 exorta

359 3194 412 3248 est
434 3194 554 3249 contra
571 3205 685 3266 regem
703 3185 907 3267 praedictum
931 3194 1133 3267 magnatum
1156 3204 1311 3267 quorun·

359 3285 437 3346 darn
460 3284 682 3366 conspiratio,
698 3284 748 3346 ita
771 3284 861 3365 quod
888 3285 981 3349 facta
1003 3285 1242 3367 conjuratione
1265 3285 1311 3348 ab

358 3380 582 3459 Athelbaldo,
604 3383 675 3446 fibo
695 3384 786 3464 regis
810 3383 1053 3465 primogenito,
1072 3390 1108 3447 et
1130 3382 1311 3446 Scirebur·

359 3481 458 3544 nensi
484 3482 645 3564 episcopo
662 3480 824 3559 Alstano,
848 3501 926 3544 cum
945 3482 1115 3558 Eanwlfo,
1132 3481 1312 3546 Sumersc·

359 3581 466 3642 tensis
480 3580 561 3661 pagi
576 3581 713 3657 comite,
731 3581 822 3662 quod
840 3599 862 3643 a
878 3580 993 3644 Roma
1008 3580 1204 3662 repatrians
1221 3600 1311 3645 nun·

396 3795 470 3843 ¹fla
481 3795 516 3843 itu
526 3792 629 3864 gestis]
647 3798 822 3849 Aethelunlf’s
847 3799 922 3860 Upon
943 3798 986 3847 the
1003 3799 1106 3848 unction
1119 3799 1149 3847 oi
1161 3799 1269 3848 Aelfred
1285 3805 1313 3849 at

355 3866 465 3927 Journey
475 3871 500 3914 to
513 3866 591 3915 Rome
602 3868 624 3915 ie
635 3869 726 3930 placed
737 3871 771 3929 by
779 3869 822 3917 the
848 3868 938 3929 Rome,
954 3868 997 3915 the
1015 3868 1105 3917 render
1123 3869 1146 3916 is
1157 3868 1270 3918 referred
1286 3874 1313 3918 to

360 3935 421 3985 Sar.
434 3934 528 3985 Chron.
539 3937 565 3983 in
582 3941 639 3999 854,
656 3940 690 3998 by
703 3939 822 3986 Florence
848 3936 934 3995 Corte,
944 3937 1014 3986 Hist.
1026 3937 1044 3986 i.
1056 3953 1083 4000 p.
1096 3941 1152 3985 289.
1166 3958 1173 3980 ·

360 4005 824 4069 andSimeoninssdfi,nndbyAeeer,
884 4001 1071 4074 ’Judetbumd
1115 4005 1243 4068 daughter
1288 4006 1318 4056 of

360 4075 386 4123 in
398 4075 440 4125 the
451 4075 559 4138 Annulo,
569 4077 595 4124 in
607 4082 665 4137 855,
676 4078 722 4125 but
737 4077 764 4125 in
780 4076 823 4125 the
849 4074 954 4124 Charles
964 4076 989 4125 le
998 4076 1121 4135 chaum
1132 4076 1175 4126 the
1186 4076 1313 4138 marriage

335 4195 345 4213 ·
359 4143 404 4200 lito
415 4144 444 4193 of
453 4145 555 4193 Aelfred
567 4147 593 4194 in
606 4151 663 4195 853.
848 4158 903 4192 was
920 4145 1072 4194 solemnired
1090 4151 1117 4194 at
1133 4145 1175 4194 the
1186 4146 1277 4207 pulace
1288 4144 1318 4194 oi

394 4210 438 4263 *A
457 4229 521 4276 popo
539 4215 565 4262 io
587 4230 669 4278 regem
691 4214 822 4278 commi]
848 4213 993 4278 Verberies,
1004 4215 1030 4264 in
1042 4214 1154 4265 October
1165 4218 1224 4265 856.
