3000 5004
474 399 612 447 anonas
635 399 903 447 nrsronmnuu.
1101 385 1166 448 241

211 552 437 632 Francorum,
463 555 700 639 frequentibus
727 553 840 618 xeniis
871 556 1017 618 amicum
1050 555 1162 620 secere

208 653 356 715 curavit.
410 653 547 717 Inimici
566 661 681 717 autem
699 660 803 717 antea
825 661 923 717 erant
941 653 1160 733 adinvicem,

209 749 259 813 ita
286 759 326 814 ut
353 752 390 814 in
414 752 591 816 alterutris
625 753 741 834 regnis
770 753 874 815 etiam
905 754 1158 834 negotiatorum

207 858 422 913 commeatus
445 851 629 933 utrobique
647 850 931 933 prohiberentur3
955 851 1015 914 sed
1038 872 1083 914 ex
1101 847 1157 916 ¹li-

208 948 291 1010 teris
316 947 433 1013 Caroli
458 951 586 1032 magni,
615 950 827 1013 Francorum
846 950 950 1029 regis,
973 951 1062 1013 inter
1079 970 1157 1015 eum

208 1054 243 1109 et
261 1046 375 1110 Offam
400 1049 535 1111 firmum
555 1049 717 1112 amicitiae
733 1047 845 1111 foedus
870 1046 975 1110 fuisse
998 1068 1156 1131 compac-

209 1151 283 1207 tum
299 1146 493 1210 ostenditur
509 1146 708 1226 evidenter,

269 1242 452 1321 ‘Carolus
495 1246 563 1310 Dei
608 1246 723 1327 gratia
761 1264 823 1307 rex
868 1224 1080 1310 Francorum
1120 1255 1155 1310 et
1168 1260 1273 1352 ungor

207 1340 526 1423 longobardorum,
552 1352 588 1407 et
619 1343 785 1425 patricius
808 1342 1057 1420 Romanorum,
1081 1345 1155 1409 viro
1168 1371 1251 1410 mane

206 1440 402 1505 venerando
433 1450 468 1506 et
494 1442 593 1506 fratri
621 1441 811 1518 carissimo,
838 1439 925 1503 Offae
953 1444 1027 1524 regi
1060 1442 1154 1506 Mer-

206 1539 349 1616 ciorum,
372 1540 529 1604 salutem.
584 1539 701 1604 Primo
727 1540 858 1621 gratias
882 1539 1019 1620 agimus
1043 1542 1153 1604 omni-

206 1639 339 1717 potenti
355 1638 432 1703 Deo
455 1638 497 1702 de
519 1638 700 1703 catholicae
723 1639 803 1701 fidei
824 1638 1033 1715 sinceritate,
1050 1659 1153 1722 quam

207 1734 425 1801 laudabiliter
442 1738 567 1801 vestris
588 1738 726 1820 paginis
749 1737 936 1819 reperimus
961 1747 1152 1802 exaratam.

208 1833 262 1897 De
291 1837 481 1917 peregrinis
506 1855 601 1913 vero,
626 1837 686 1919 qui
717 1856 779 1918 pro
803 1854 921 1899 amore
943 1835 1010 1899 Dei
1039 1845 1074 1900 ct
1095 1856 1152 1900 sa·

207 1931 278 1996 lute
305 1935 497 1998 animarum
522 1954 675 2011 suarum,
704 1935 884 1998 beatorum
916 1935 1152 2016 apostolorum

205 2030 325 2095 limina
357 2033 453 2097 adire
482 2030 689 2109 desiderant,
715 2052 793 2095 cum
830 2051 915 2114 pace
948 2033 1022 2096 sine
1059 2035 1152 2097 omni

205 2131 466 2211 perturbatione
498 2131 639 2206 vadant,
676 2130 736 2193 sed
769 2132 799 2192 si
831 2131 940 2212 aliqui
971 2150 1040 2195 non
1071 2132 1155 2213 reli·¹

206 2228 301 2308 gioni
334 2231 535 2306 servientes,
569 2229 630 2292 sed
665 2229 762 2293 lucra
795 2237 981 2306 sectantes,
1019 2230 1152 2292 inveni-

204 2333 309 2390 antur
340 2329 431 2392 inter
461 2347 533 2404 eos,
571 2328 656 2392 loeis
689 2327 894 2409 opportunis
919 2335 1053 2391 statuta
1083 2329 1152 2390 sol-

206 2433 292 2489 vant
310 2426 469 2505 telonea3
497 2426 731 2508 negotiatores
754 2445 892 2509 quoque
918 2425 1089 2503 volumus,
1115 2434 1153 2489 ut

204 2541 249 2586 ex
276 2525 440 2588 mandato
464 2532 581 2589 nostro
610 2524 838 2607 patrocinium
862 2522 1011 2588 habeant
1035 2524 1071 2586 in
1098 2544 1151 2586 re·

203 2622 344 2702 gimine,
373 2624 458 2687 etsi
479 2625 515 2686 in
539 2623 657 2704 aliquo
680 2623 757 2687 loco
791 2622 921 2704 injusta
952 2622 1152 2703 affligantur

205 2721 439 2802 oppressione,
457 2721 644 2785 reclament
661 2740 698 2783 se
720 2720 764 2783 ad
785 2739 847 2784 nos
862 2721 917 2784 vel
940 2728 1077 2784 nostros
1094 2721 1154 2803 ju·

205 2817 311 2895 dices,
336 2826 373 2883 et
397 2819 534 2902 plenam
557 2819 636 2882 inde
653 2819 851 2902 jubebimus
870 2818 1044 2901 justitiam
1068 2819 1152 2882 lieri.

205 2914 405 2998 Cognoscat
428 2937 567 3000 quoque
588 2917 727 2981 dilectio
743 2924 871 2992 vestra,
887 2915 979 3000 quod
1002 2916 1153 2997 aliquam

205 3015 454 3097 benignitatem
472 3016 515 3079 de
532 3016 727 3080 dalmaticis
754 3016 881 3079 nostris
904 3015 959 3078 vel
976 3015 1091 3097 palliis
1109 3014 1152 3077 ad

204 3113 360 3195 singulas
377 3114 476 3178 sedes
492 3114 706 3198 episcopales
728 3113 827 3194 regni
845 3114 963 3189 vestri,
979 3112 1034 3176 vel
1056 3113 1154 3194 regni

205 3206 499 3293 regis’Athelredi
508 3213 708 3288 direximus,
717 3206 869 3293 ³recepta
880 3230 923 3274 ex
937 3212 1155 3292 eleemosyna

206 3308 335 3374 domini
348 3330 450 3394 papae
466 3310 623 3388 Adriani,
646 3311 882 3393 deprecantes,
898 3317 937 3371 ut
952 3328 1015 3391 pro
1038 3328 1079 3372 eo
1102 3309 1154 3370 in·

205 3409 334 3473 tercedi
345 3410 500 3493 jubeatis
514 3430 523 3488 3
546 3410 607 3474 sed
624 3417 660 3473 et
679 3409 722 3471 de
739 3408 901 3471 thesauro
925 3406 1152 3470 humanarum

206 3525 332 3584 rerum,
353 3528 453 3591 quem
484 3509 655 3572 Dominus
675 3507 698 3570 J
701 3526 781 3570 esus
804 3505 904 3569 nobis
926 3505 1080 3587 gratuita
1102 3506 1155 3587 pi·

204 3614 298 3670 etate
320 3608 503 3685 concessit,
523 3607 654 3689 aliquid
681 3625 743 3689 per
765 3605 1048 3686 metropolitanas
1071 3604 1155 3666 civi-

241 3799 355 3851 wisera
373 3802 457 3850 Caroli
475 3803 582 3865 angui]
605 3801 667 3850 This
693 3804 712 3849 it
730 3803 755 3849 in
767 3805 832 3862 7953
852 3802 876 3850 le
889 3802 978 3850 Cointe
998 3801 1024 3848 iu
1042 3800 1084 3849 the
1096 3815 1157 3861 year

202 3873 276 3920 letter
297 3873 320 3919 is
344 3872 443 3933 printed
470 3877 498 3920 at
519 3872 606 3932 length
634 3872 667 3931 by
693 3871 832 3932 lodowiug.

202 3940 324 4001 wilkins,
341 3941 439 3991 Concil.
458 3941 475 3988 i.
496 3956 521 4001 p.
541 3945 599 4002 1⁵⁸,
617 3940 668 3988 and
728 3932 900 4006 'Athelrrdi,]
913 3953 941 3986 or
957 3938 1113 3987 Aelheberht
1132 3936 1161 3985 of

202 4009 350 4070 elsewhere,
361 4010 424 4058 with
441 4009 483 4058 the
504 4024 589 4058 verses
609 4010 668 4057 sub·
695 4006 1158 4068 Nortbunrberlandfflbodiedintttb.

197 4079 295 4139 joined.
330 4078 455 4129 Tbedate
471 4078 501 4127 oi
515 4079 535 4126 it
546 4080 569 4127 is
579 4093 669 4127 uncer·
729 4075 740 4107 ³
763 4078 868 4140 Recepta
891 4091 923 4125 ex
945 4074 1111 4137 eleemosyna]
1132 4075 1158 4121 in

201 4149 268 4196 talu:
280 4147 668 4210 Alfom,nnna1.sscel.‚places
694 4146 887 4206 eleemosynam.

254 4238 334 4284 vob.
359 4238 380 4283 l.
986 4234 1009 4279 R
