3000 5004
380 499 516 547 enonas
541 498 809 546 ursronmnuu.
1006 483 1072 545 485

120 654 207 724 Leo¹
225 659 392 722 successit
401 666 436 722 et
449 659 560 722 tenuit
574 658 772 722 cathedram
789 660 888 721 annis
905 657 1070 741 quinque,

119 759 293 823 mensibus
306 757 441 822 duobus
458 765 494 822 et
507 757 628 822 diebus
643 778 717 821 sex.

395 931 445 996 De
458 932 612 1018 sortilegio
625 931 788 997 diabolico.

172 1055 291 1139 Hujus
316 1074 417 1138 papae
441 1056 653 1137 temporibus
675 1054 850 1119 detectum
870 1062 924 1118 ost
946 1055 1070 1120 Romae
1080 1072 1207 1162 :fimo

120 1154 335 1236 sortilegium
376 1153 584 1217 diabolicum
618 1161 653 1217 et
688 1154 815 1218 nostris
847 1154 974 1217 seculis
1016 1156 1069 1217 in·
1182 1149 1187 1161 '

120 1254 288 1318 auditum.
339 1246 471 1317 ²Erant
500 1253 591 1316 enim
618 1253 654 1315 in
681 1260 793 1317 strata
820 1254 970 1335 publica,
1000 1273 1070 1335 qua

121 1352 270 1416 Romam
293 1353 375 1429 itur,
391 1353 469 1416 duae
489 1352 649 1427 aniculae,
663 1352 697 1414 in
722 1372 791 1415 uno
816 1360 1068 1416 commorantes

122 1452 260 1533 tugurio
290 1460 325 1516 et
357 1471 427 1515 uno
458 1451 599 1514 imbutae
630 1450 811 1529 maleficio,
841 1471 920 1533 quae
951 1450 1069 1533 hospi·

122 1558 203 1627 tem,
228 1551 259 1613 si
279 1551 464 1633 aliquando
489 1549 584 1613 solus
607 1552 857 1632 superveniret,
881 1551 916 1613 in
941 1570 1068 1632 equum

121 1649 177 1714 vel
203 1669 345 1733 porcum
361 1650 418 1714 vel
447 1648 541 1712 aliud
561 1648 739 1731 quodlibet
754 1650 881 1713 animal
903 1649 1069 1713 transfor·

122 1768 217 1812 mare
237 1749 408 1824 solebant,
432 1755 469 1812 et
494 1747 741 1812 mercatoribus
769 1748 933 1812 animalia
958 1755 1068 1812 traus-

122 1849 270 1912 sormata
305 1847 493 1912 vendentes
526 1867 684 1911 nummos
724 1848 802 1912 inde
843 1856 1000 1931 receptos
1032 1849 1067 1911 in

121 1947 288 2011 ebrietate
318 1947 421 2010 simul
445 1953 482 2010 et
506 1946 650 2029 crapula
672 1949 932 2012 consumebant.
984 1947 1070 2011 Istae

121 2065 205 2109 casu
234 2046 394 2110 mulieres
423 2046 589 2129 juvenem
615 2045 785 2127 quendam
816 2046 851 2109 in
892 2055 967 2110 arte
998 2044 1069 2108 sal·

121 2145 219 2210 tandi
248 2145 420 2223 edoctum,
448 2145 567 2226 etqui
591 2145 721 2208 victum
754 2144 906 2208 moribus
932 2144 1070 2207 histrio·

122 2264 204 2307 num
219 2245 409 2327 quaerebat,
424 2242 575 2325 hospitio
590 2249 813 2325 receperunt3
840 2262 942 2326 quem
967 2250 1069 2306 nocte

122 2344 183 2406 illa
212 2344 248 2406 in
274 2345 411 2407 asinum
438 2342 732 2418 transformantes,
764 2361 931 2423 magnum
953 2362 996 2405 ex
1028 2362 1069 2405 eo
1141 2342 1149 2355 ‘

120 2442 253 2506 lucrum
290 2442 531 2524 adquirebam,
571 2461 651 2505 nam
683 2440 824 2525 juvenis
859 2441 978 2505 asinus
1018 2441 1069 2505 es·

123 2542 234 2605 fectus
259 2562 328 2604 non
350 2541 513 2605 amiserat
537 2540 803 2622 intelligentiam
827 2541 962 2605 etiamsi
983 2540 1069 2603 ami-

121 2647 216 2704 serat
249 2640 434 2722 loquelam,
463 2639 625 2723 quicquid
657 2641 748 2704 enim
783 2640 950 2726 praecepit
982 2660 1070 2704 anus

117 2739 307 2822 joculando
333 2747 369 2804 et
401 2740 561 2804 saltando
593 2740 750 2822 implevit
777 2741 918 2821 asinus;
952 2759 1071 2803 accur-

122 2846 219 2902 rente
245 2841 364 2922 itaque
385 2839 483 2922 vulgi
506 2838 726 2903 multitudine
750 2839 794 2903 ad
820 2840 940 2903 ludum
969 2839 1071 2917 asini,

123 2958 192 3001 non
209 2940 276 3003 nisi
292 2938 376 3002 dato
392 2939 502 3020 pretio
520 2939 655 3001 asinum
672 2937 788 3001 videre
803 2937 979 3002 ludentem
994 2959 1071 3002 mu·

123 3037 223 3101 lieres
248 3037 413 3101 maleficae
443 3037 701 3119 permittebant.
754 3035 908 3099 Rumore
931 3036 1070 3100 tandem

123 3156 186 3218 pcr
210 3135 424 3218 provinciam
447 3134 683 3210 disseminato,
706 3134 852 3197 accessit
874 3134 970 3199 dives
995 3136 1070 3217 qui-

123 3233 202 3297 dam
220 3232 263 3295 ad
279 3233 455 3298 maleficas
477 3232 569 3309 illas,
582 3240 618 3297 et
632 3251 701 3296 non
717 3232 852 3296 modico
867 3233 978 3316 pretio
999 3234 1071 3297 col·

123 3331 209 3407 lato,
223 3331 358 3394 asinum
376 3332 411 3395 in
429 3352 511 3396 suos
527 3351 611 3395 usus
625 3332 776 3414 recepit;
801 3332 861 3395 sed
881 3333 979 3396 dives
993 3353 1071 3397 cum

124 3432 223 3495 asino
248 3430 410 3495 recedens
435 3451 457 3496 a
480 3431 681 3495 mulieribus
708 3430 851 3495 edoctus
878 3438 943 3508 est,
968 3439 1020 3508 ut,
1041 3433 1072 3495 si

122 3531 323 3593 diuturnum
339 3530 445 3595 vellet
461 3530 587 3594 habere
600 3530 732 3605 ludum,
741 3531 785 3593 ab
799 3550 899 3613 aquae
914 3530 1071 3611 ingressu

125 3631 260 3692 asinum
277 3639 421 3694 arceret.
474 3628 601 3693 Custos
617 3650 700 3711 ergo
716 3629 814 3693 asino
832 3648 853 3692 a
868 3629 975 3692 divite
990 3649 1072 3692 con·

124 3729 293 3804 stituitur,
311 3730 370 3813 qui
386 3729 482 3793 illum
500 3728 683 3810 diligenter
695 3736 850 3793 servaret
866 3749 875 3808 3
896 3727 994 3792 dives
1008 3748 1073 3792 au·

125 3836 207 3903 tem,
227 3847 305 3891 cum
328 3828 494 3910 gaudium
516 3828 639 3905 voluit,
654 3827 745 3892 ludis
767 3829 855 3892 asini
871 3828 1074 3893 laetificabat

124 3928 301 3991 convivas.
347 3927 415 3991 Sed
443 3947 521 3990 cum
547 3926 686 3990 tandem
717 3936 854 4011 tempus
887 3929 1073 4011 plurimum

156 4126 162 4156 ¹
179 4127 250 4190 Lea]
267 4128 310 4175 the
321 4127 409 4188 uinth3
425 4128 458 4176 be
474 4127 534 4176 died
545 4127 587 4175 tbe
647 4125 658 4153 ²
670 4129 750 4176 Erunt
767 4129 831 4176 caim
853 4129 878 4176 in
897 4124 998 4195 atrata]
1020 4129 1076 4178 'l'be

126 4198 182 4244 roth
195 4198 269 4259 April
290 4201 362 4257 lost,
378 4198 428 4247 and
439 4212 494 4247 was
511 4197 586 4246 aller-
613 4197 743 4258 following
754 4198 845 4260 legend
858 4201 880 4248 is
891 4198 953 4248 from
970 4199 1076 4247 Maluis-

123 4267 208 4316 wards
219 4267 366 4317 canoniaed.
613 4267 686 4326 bury,
697 4263 710 4329 §
721 4271 776 4317 111.
