3000 5004
388 446 392 454 .
463 405 601 457 snonsss
625 408 894 457 fflsronrnnun.
1085 393 1152 456 249

477 617 694 703 Constantinus
710 640 885 723 inperauit.

252 759 357 824 Anno
382 758 523 824 Domini
546 777 709 825 uccxcn.
729 754 998 825 ¹Constantinus
1020 761 1151 825 Roma·
1165 779 1274 821 num.

201 879 282 922 num
306 858 453 941 adeptus
474 860 653 941 imperium
683 868 814 942 septem
839 861 940 923 annis
955 861 1150 943 imperavit.
1165 831 1303 930 fflffl'w

202 957 332 1021 Eodem
357 977 448 1022 anno
468 957 626 1035 Carolus,
649 979 712 1022 rex
736 959 961 1036 Francorum,
985 960 1078 1023 misit
1094 953 1152 1023 ²li-

201 1059 300 1120 brum
326 1056 528 1139 synodalem
559 1057 602 1120 ad
636 1057 865 1133 Britanniam,
896 1059 932 1120 in
960 1078 1030 1139 quo
1060 1078 1152 1122 verae

203 1155 282 1219 fidei
299 1156 409 1219 multa
428 1163 565 1238 reperta
586 1163 668 1218 sunt
689 1157 879 1232 obviantia,
896 1164 932 1219 et
946 1175 987 1218 eo
1003 1158 1152 1219 maxime

203 1254 296 1336 quod
320 1273 418 1335 paene
442 1255 595 1318 omnium
618 1254 836 1319 orientalium
863 1254 1042 1318 doctorum
1068 1274 1154 1317 una-

203 1353 286 1415 nimi
314 1353 504 1417 assertione
527 1360 581 1417 ost
602 1352 797 1428 diffinitum,
814 1354 982 1434 imagines
1009 1352 1153 1417 adorare

204 1451 339 1527 dehere,
355 1450 448 1533 quod
475 1453 615 1515 omnino
639 1452 785 1516 ecclesia
804 1451 976 1515 catholica
992 1471 1153 1515 exsecra-

205 1558 284 1629 tur3
308 1557 429 1613 contra
453 1550 544 1632 quod
560 1548 710 1614 Albinus
734 1550 872 1632 scripsit
894 1551 1089 1633 epistolam,
1109 1570 1154 1614 ex

205 1649 414 1712 auctoritate
445 1647 639 1713 divinarum
675 1650 923 1731 scripturarum
953 1648 1156 1713 mirabiliter

204 1748 382 1823 dictatam,
397 1749 561 1830 illamque
584 1768 663 1811 cum
686 1748 805 1812 eodem
830 1747 990 1831 synodali
1008 1748 1097 1811 libro
1120 1747 1155 1810 in

205 1865 354 1929 persona
370 1847 610 1929 episcoporum
630 1866 671 1910 ac
694 1848 888 1930 principum
903 1847 993 1909 idem
1009 1845 1156 1909 Albinus

205 1945 250 2008 ad
284 1964 400 2025 regem
438 1946 557 2009 attulit
591 1944 824 2008 Gallicanum.
895 1946 1025 2008 Eodem
1063 1964 1156 2009 anno

206 2042 424 2120 Ethelredus,
456 2064 519 2106 rex
552 2043 950 2120 Northanhumbrorum,
983 2042 1156 2107 Alfiedam

205 2143 297 2224 regis
313 2141 400 2206 Offae
417 2142 523 2205 filiam
538 2135 699 2206 ³uxorem
715 2143 861 2225 accepit.

355 2315 405 2378 De
419 2325 523 2380 sancto
537 2314 710 2380 Acheloon
725 2337 792 2401 rape
808 2325 836 2380 et
850 2324 997 2400 monyre.

258 2437 388 2502 Eodem
420 2446 575 2521 ternpore
617 2458 679 2502 rex
712 2439 931 2503 orientalium
963 2437 1157 2520 Anglorum
1171 2459 1291 2500 emissor

207 2530 465 2614 ⁴Athelbertus,
481 2537 572 2600 filius
588 2538 680 2619 regis
696 2538 885 2615 Ethelredi,
901 2556 923 2601 a
941 2537 1064 2601 finibus
1079 2557 1158 2618 reg·
1169 2509 1308 2608 iiii‘dii‘m

209 2635 245 2698 ni
270 2635 336 2712 sui,
353 2643 463 2699 matre
491 2637 637 2699 multum
660 2637 849 2715 inhibente,
875 2656 1048 2719 egressus,
1063 2614 1256 2700 venitm*

208 2734 252 2798 ad
266 2733 391 2810 Offam,
417 2754 533 2816 regem
554 2735 763 2799 Merciorum
792 2737 1083 2818 potentissimum,
1100 2755 1160 2818 pe·

209 2842 285 2897 tens
309 2834 354 2897 ab
381 2852 422 2896 eo
444 2842 484 2897 ut
505 2833 610 2896 filiam
633 2853 730 2898 suam
760 2836 792 2898 ei
821 2836 920 2899 daret
941 2835 1159 2898 matrimonio

208 2930 450 3014 copulandam.
503 2932 583 2995 Offa
597 2951 680 2997 vero
703 2954 764 2998 rex
781 2933 1025 3009 nobilissimus,
1042 2941 1078 2996 et
1100 2952 1160 3013 ge·

209 3050 292 3095 nere
319 3031 544 3108 clarissimus,
560 3051 638 3095 cum
659 3031 741 3096 dicti
770 3034 861 3114 regis
886 3032 1055 3096 adventus
1078 3050 1161 3094 cau-

209 3149 284 3194 sam
298 3130 531 3211 cognovisset,
554 3131 707 3212 suscepit
724 3131 820 3193 illum
837 3149 916 3194 cum
932 3130 1083 3193 maximo
1097 3129 1159 3193 ho-

210 3249 295 3293 nore
310 3229 347 3291 in
361 3227 493 3310 palatio
513 3230 622 3310 regio,
639 3237 675 3291 et
689 3236 760 3292 tam
774 3228 841 3311 ipsi
857 3229 930 3309 regi
944 3247 1048 3311 quam
1065 3248 1159 3292 com·

212 3327 436 3404 militonibus,
452 3327 512 3409 qui
528 3347 607 3390 cum
623 3326 683 3390 illo
705 3327 932 3403 advenerant,
950 3346 1051 3390 omne
1066 3326 1159 3409 quod

211 3427 327 3508 potuit
350 3425 577 3489 humanitatis
605 3427 808 3509 obsequium
831 3425 1029 3489 exhibebat.
1082 3424 1161 3488 Oua

210 3544 349 3607 quoque
361 3544 424 3588 rex
436 3544 514 3588 cum
532 3525 687 3606 reginam
704 3544 803 3587 suam
813 3523 1066 3603 Quendritham
1081 3543 1162 3587 con·

212 3624 357 3701 veniret,
372 3631 407 3687 et
420 3624 602 3687 consilinm
622 3631 794 3706 quaereret
815 3624 858 3687 de
880 3623 1080 3707 praemissis,
1101 3623 1163 3686 illa

247 3821 255 3853 ¹
270 3821 467 3885 constantim]
484 3823 531 3871 See
543 3823 632 3882 above,
643 3821 676 3870 ed
700 3821 730 3869 oi
738 3822 886 3883 September
897 3824 960 3881 7923
978 3822 1039 3872 θαι.
1052 3821 1146 3872 Cbron.

211 3898 323 3953 ani'lflh,
333 3895 388 3940 note
398 3888 417 3941 ⁶.
737 3888 934 3949 ‘AthelbertaeJ
954 3890 1008 3940 'l'he
1025 3891 1075 3953 day
1096 3907 1164 3953 upon

248 3960 373 4011 ²bibrum
384 3960 542 4024 synodalem]
554 3960 678 4021 Compare
700 3959 784 4008 which
807 3960 847 4008 his
871 3960 1023 4020 martyr-dom
1051 3961 1074 4008 is
1100 3961 1165 4009 cele·

212 4033 323 4092 Simeon,
353 4029 387 4078 ad
414 4044 456 4079 an.
478 4034 536 4090 792,
564 4030 626 4078 with
654 4031 677 4077 le
701 4029 790 4077 brated
808 4030 831 4077 is
850 4032 882 4078 2⁰
902 4029 975 4090 May.
1012 4029 1062 4076 His
1081 4028 1165 4077 lisois

213 4101 313 4162 Cointe,
324 4101 418 4148 Annei.
429 4100 463 4148 vi.
475 4115 501 4161 p.
514 4102 571 4148 480.
702 4098 801 4160 printed
826 4098 851 4145 in
873 4099 915 4147 tha
944 4098 1011 4147 Nov.
1035 4098 1097 4159 Leg.
1120 4097 1164 4147 iol.

247 4168 258 4201 ¹
273 4171 379 4219 Uxorem
389 4168 505 4232 accepit,]
523 4184 555 4217 on
567 4169 608 4217 tho
620 4169 680 4217 aoth
703 4168 806 4216 cxxxvi.
818 4168 843 4216 b.
