3000 5004
345 445 413 511 280
601 462 734 510 nocuas
759 463 807 508 un
830 458 1038 509 wuunovmr

348 618 469 700 praelio
495 618 689 693 commisso,
716 617 833 681 multis
860 636 905 680 ex
937 617 988 680 eis
1014 613 1166 677 millibus
1192 612 1305 676 iuter·

349 716 461 793 fectis,
477 719 624 799 turpiter
647 718 742 781 abire
759 717 897 797 coegit3
920 715 981 778 sed
999 733 1070 778 nou
1091 712 1199 776 multo
1220 720 1308 795 post

348 816 469 880 eodem
492 834 595 892 auno,
615 816 715 879 iidem
740 815 868 898 pagani
887 816 923 877 in
947 815 1074 878 ostium
1095 819 1218 896 portus
1241 811 1306 875 ad·

348 915 452 998 pulsi,
475 916 622 997 patriam
645 915 848 997 depopulari
870 913 1094 978 contendunt.
1147 910 1307 975 Rumore

349 1015 467 1096 itaque
489 1014 682 1095 divulgato,
705 1014 777 1078 dux
793 1012 1048 1088 Athelhclmus,
1070 1029 1148 1074 cum
1172 1009 1306 1073 Dorse-

349 1115 504 1178 tensibns
528 1133 724 1189 occurrens,
740 1114 835 1195 ipsos
848 1111 907 1175 diu
925 1109 1098 1176 convertit
1118 1111 1154 1173 in
1170 1109 1306 1190 sugam,

349 1212 410 1275 sed
427 1213 620 1277 inconsulte
637 1214 768 1276 viribus
784 1220 899 1286 utens,
913 1210 995 1275 dum
1011 1210 1111 1273 nimis
1133 1227 1214 1272 cnm
1228 1208 1305 1271 suis

349 1311 544 1376 inordinate
560 1312 740 1394 processit,
756 1312 801 1374 ab
817 1311 901 1393 ipsis
917 1309 1118 1374 interiectus
1135 1317 1201 1370 est.

574 1486 623 1549 De
638 1506 733 1550 causa
748 1483 879 1560 Donieae
893 1481 1077 1568 afflictionis.

189 1625 314 1667 menna-
402 1609 506 1673 Nunc
521 1610 630 1691 igitur
646 1629 723 1673 cum
740 1608 785 1672 ad
803 1607 941 1690 plagam
966 1607 1153 1669 maximam
1168 1613 1205 1668 et
1223 1603 1306 1669 lior·
1333 1593 1338 1601 ’

189 1676 340 1766 fflh‘a·
350 1708 483 1772 ribilem
514 1709 746 1791 pervenimus
772 1727 863 1790 quae,
889 1707 1040 1788 peccatis
1069 1704 1306 1785 exigentibus,

189 1776 272 1866 Ἢ.
350 1826 413 1889 per
433 1806 555 1870 Dauos
569 1804 775 1887 Angligcnis
793 1806 990 1870 nationibus
1011 1804 1111 1868 illata
1132 1812 1198 1878 est,
1217 1803 1305 1869 libet

351 1905 505 1989 ejusdem
533 1905 642 1969 cladis
667 1925 821 1982 causam,
840 1904 885 1968 ad
908 1903 1079 1969 cautelam
1096 1903 1305 1979 futurorum,

351 1998 518 2069 breviter¹
539 2005 733 2087 legentibus
748 2006 921 2068 intimare.
955 2003 998 2066 In
1015 2001 1211 2084 Anglorum
1228 2004 1306 2085 qui-

352 2104 429 2167 dem
447 2104 593 2169 ecclesia
607 2105 784 2187 primitiva
801 2104 922 2185 religio
938 2103 1127 2167 clarissime
1149 2102 1304 2183 resplen-

352 2203 439 2280 duit,
463 2206 514 2268 ita
537 2213 575 2268 ut
598 2224 697 2287 reges
719 2212 754 2267 et
778 2204 919 2284 reginae,
935 2202 1107 2285 principes
1127 2219 1168 2263 ac
1185 2200 1305 2278 duces,

351 2304 494 2367 comites
518 2312 553 2367 et
574 2305 721 2368 barones
743 2302 1035 2383 ecclesiarumque
1056 2307 1220 2375 rectores,
1235 2320 1304 2364 cae·

351 2403 448 2466 lestis
492 2403 589 2484 regni
632 2402 803 2467 desiderio
841 2400 1011 2477 succensi,
1046 2398 1304 2477 monachatum,

352 2508 580 2583 spontaneum
607 2503 763 2579 exilium,
785 2502 894 2565 vitam
921 2500 1125 2577 solitariam,
1150 2508 1189 2562 ut
1212 2518 1303 2580 prae·

352 2602 634 2676 monstravimus
657 2602 814 2665 certatim
840 2607 1055 2684 appetentes,
1078 2599 1207 2662 relictis
1229 2618 1304 2661 om-

353 2699 466 2774 nibns,
501 2699 689 2764 Dominum
725 2708 980 2782 sequerentur3
1016 2717 1180 2781 processu
1221 2717 1304 2763 vero

353 2798 516 2880 temporis
541 2799 628 2862 adeo
656 2800 691 2862 in
717 2800 767 2863 eis
790 2801 901 2863 virtus
931 2799 1111 2874 emarcuit,
1137 2804 1177 2860 ut
1207 2797 1305 2862 nulla

352 2916 437 2979 gens
462 2899 655 2980 proditione
682 2899 737 2962 vel
764 2898 884 2962 fraude
914 2899 965 2962 eis
995 2897 1182 2961 consimilis
1207 2896 1304 2961 vide-

351 3004 457 3074 retur,
485 3007 647 3063 necerat
674 2999 724 3061 eis
756 2997 905 3063 invisum
937 2996 1069 3080 aliquid
1100 2996 1167 3059 uisi
1190 2996 1304 3078 pietas

352 3103 387 3160 at
405 3097 555 3180 justitia,
573 3117 638 3162 nec
658 3096 769 3161 honor
783 3097 850 3160 uisi
873 3097 965 3160 bella
984 3096 1169 3179 plusquam
1185 3095 1304 3160 civilia

351 3201 387 3259 et
401 3198 581 3279 sanguinis
597 3196 718 3260 effusio
738 3197 986 3260 innocentium.
1039 3194 1138 3258 Misit
1152 3213 1236 3276 ergo
1251 3196 1303 3259 eis

352 3294 449 3360 Deus
479 3297 697 3378 omnipotens
719 3303 841 3378 gentes
867 3313 1023 3378 paganas
1047 3302 1083 3357 et
1107 3293 1305 3358 crudelissi-

352 3413 438 3471 mas,
454 3396 549 3459 velut
567 3415 671 3478 apum
693 3396 866 3472 examina,
883 3414 961 3476 quae
982 3392 1178 3476 nequidem
1203 3393 1305 3458 sexui

351 3494 508 3558 muliebri
529 3503 590 3559 aut
613 3496 836 3577 parvulorum
858 3500 1040 3576 parcerent
1055 3492 1164 3569 aetati,
1182 3491 1305 3557 Dauos

351 3592 483 3656 scilicet
510 3600 545 3656 et
574 3593 841 3674 Norwegeuses,
865 3592 1002 3657 Gothos
1027 3599 1064 3656 et
1088 3591 1305 3668 Swathed0s‚

351 3688 544 3754 Wandalos
560 3701 595 3754 et
614 3693 752 3768 Fresos,
767 3694 826 3774 qui
848 3694 891 3756 ab
909 3691 1051 3756 exordio
1071 3692 1163 3773 regis
1180 3688 1306 3756 Athel-

351 3786 421 3851 wlfi
450 3789 640 3870 supradicti
666 3810 776 3872 usque
801 3792 845 3855 ud
867 3791 1148 3855 Normanuorum
1174 3790 1305 3856 adven·

352 3894 438 3964 tum,
464 3907 525 3969 per
548 3907 657 3952 annos
684 3889 789 3954 ferme
809 3892 975 3955 ducentos
1000 3890 1156 3972 triginta,
1176 3897 1307 3955 terram

386 4096 394 4128 ¹
407 4098 518 4148 Breviter
529 4099 665 4160 legentibus
675 4097 811 4170 intimare]
838 4101 881 4150 tlrc
894 4101 948 4150 usth
960 4100 1025 4150 book
1038 4099 1067 4149 of
1077 4100 1167 4161 llenry
1178 4100 1209 4150 of
1223 4101 1309 4151 Hnnt·

349 4168 403 4217 The
423 4175 530 4218 account
546 4168 676 4231 following
696 4172 718 4219 is
737 4172 813 4220 taken
839 4171 1083 4234 ingdon’cfflctory.

350 4239 501 4303 priucipally
512 4239 575 4289 from
591 4239 633 4290 the
650 4241 771 4304 prologus
788 4246 814 4289 to
