3000 5004
348 434 415 500 344
603 450 737 498 nocam
765 449 813 497 nn
837 447 1044 497 wannovua

190 627 263 667 vum
272 628 297 667 u
353 608 420 670 Dei
433 605 599 670 citissime
614 603 819 669 liberabitur
835 605 880 668 ab
896 604 959 681 eis,
974 603 1065 667 sicut
1080 609 1116 667 et
1131 621 1196 667 nos
1218 602 1307 667 libe-

189 677 304 769 gasan
352 707 422 770 rati
449 724 581 781 snmus,
611 705 743 768 meritis
776 705 870 768 beati
898 702 997 767 Petri
1021 703 1203 785 sanctique
1232 702 1307 767 Re·

353 804 451 887 migii
478 805 650 888 precibus,
684 805 741 867 cui
770 804 942 868 Dominus
972 821 1138 884 magnum
1164 810 1307 884 aposto-

353 905 463 969 latum
485 903 579 967 dedit
593 922 699 986 super
713 922 813 984 reges
835 909 872 966 et
895 921 1000 984 super
1015 909 1137 983 gentes
1155 901 1311 966 Franco-

355 1022 452 1082 rum3
474 1003 535 1085 qui
560 1003 627 1065 nisi
644 1001 840 1084 quisquiliis
857 1009 986 1065 nostrae
1010 1000 1212 1083 propaginis
1235 1001 1310 1064 sui-

356 1101 516 1184 fragatus
535 1100 639 1164 suerit
654 1108 690 1165 et
700 1101 846 1185 juverit,
858 1101 935 1185 jam
950 1099 1087 1164 deficiet
1103 1107 1225 1164 nostra
1246 1120 1307 1181 ge·

356 1201 518 1282 nealogia
530 1200 708 1282 regnando
720 1207 757 1264 et
772 1198 993 1283 imperando;
1010 1199 1103 1262 unde
1118 1199 1207 1263 scito
1223 1219 1309 1281 quo·

356 1301 450 1363 niam
466 1300 609 1364 tolletur
622 1299 719 1362 ocius
738 1305 896 1381 potestas
917 1298 1052 1381 imperii
1065 1298 1108 1362 da
1125 1316 1232 1361 manu
1247 1305 1308 1362 tua

356 1407 392 1463 et
419 1406 543 1481 postea
568 1398 772 1462 brevissimo
799 1405 954 1481 tempore
976 1398 1013 1460 in
1040 1397 1157 1462 seculo
1173 1398 1273 1462 vives
1287 1394 1307 1477 ;'

356 1506 440 1563 tunc
462 1516 651 1562 conversus
675 1505 800 1562 oontm
812 1516 867 1560 me
883 1495 1092 1575 Ludovicus,
1106 1496 1198 1561 dixit
1210 1497 1305 1573 mihi,

357 1596 581 1679 ‘Imperium
598 1595 690 1678 quod
714 1596 884 1660 hactenns
908 1595 1051 1660 tenuisti
1061 1596 1143 1679 jure
1162 1596 1307 1660 haeredi·

358 1695 460 1772 tario,
473 1694 735 1777 debetrecipere
745 1694 956 1773 Ludovicus,
968 1687 1072 1758 ¹lilius
1084 1695 1146 1759 filii
1160 1696 1212 1759 tui
1222 1695 1245 1774 3'
1260 1703 1306 1773 et,

358 1793 413 1857 his
428 1793 542 1871 dictis,
556 1794 668 1857 visum
685 1802 739 1857 est
753 1793 837 1857 mihi
851 1793 971 1857 adfore
992 1792 1201 1858 infantulum
1216 1814 1306 1877 prae·

358 1900 503 1970 sentem,
534 1899 570 1956 et
601 1893 741 1956 intuens
769 1912 847 1956 eum
876 1892 1077 1969 LotbarinS,
1101 1913 1189 1959 avus
1217 1894 1305 1977 ejus,

359 1991 449 2056 dixit
465 1991 560 2070 mihi,
575 1991 719 2056 ‘Redde
733 1991 785 2056 illi
801 1998 1010 2074 potestatem
1025 1993 1173 2076 imperii,
1187 2013 1249 2077 per
1263 1993 1305 2057 il·

359 2090 418 2155 lud
446 2091 542 2154 filum
567 2090 743 2173 glomeris,
756 2091 849 2173 quod
871 2091 908 2154 in
929 2110 1035 2154 manu
1053 2092 1173 2157 tenes.'
1223 2091 1306 2156 Dis·

359 2190 493 2254 nodans
517 2210 602 2272 ergo
634 2189 730 2253 filum
760 2190 804 2253 de
834 2189 960 2273 pollice
993 2190 1146 2255 dexterae
1182 2210 1306 2256 manus

359 2309 458 2367 meae,
472 2289 600 2353 donavi
613 2288 666 2352 issi
679 2308 817 2352 omnem
837 2289 1072 2353 monarchiam
1087 2290 1223 2374 imperii
1245 2310 1307 2374 per

359 2388 473 2469 ipsum
499 2389 607 2464 filum,
629 2395 665 2451 et
689 2388 809 2452 statim
832 2389 945 2471 ipsum
975 2388 1111 2470 glomus
1135 2389 1305 2472 fulgidum

358 2486 450 2549 sicut
468 2487 573 2570 jubar
589 2486 673 2549 solis
691 2487 922 2551 coadunatum
941 2495 997 2551 est
1010 2494 1122 2552 totum
1142 2490 1180 2553 in
1201 2508 1306 2554 manu

357 2584 472 2662 illius3
496 2585 613 2667 sicque
629 2579 894 2666 post²mirabile
908 2586 1038 2651 iactum
1054 2586 1132 2664 hoc,
1146 2607 1307 2653 reversus

359 2692 412 2747 est
438 2684 581 2765 spiritus
604 2703 701 2748 meus
722 2685 758 2749 in
780 2704 905 2767 corpus
928 2705 1055 2764 meum,
1070 2687 1172 2751 valde
1194 2688 1306 2752 sessus

358 2789 394 2845 et
427 2782 677 2848 contristatus!
729 2783 817 2849 Post
846 2784 936 2848 hanc
969 2805 1106 2868 quoque
1137 2786 1305 2852 visionem

358 2881 448 2944 idem
466 2880 613 2945 Carolus
630 2883 691 2946 vix
707 2883 808 2946 annis
824 2883 959 2947 duobus
976 2885 1121 2968 imperio
1144 2885 1305 2965 functus3

357 2981 526 3045 successit
556 2982 588 3045 ei
622 2980 819 3046 Ludovicus
849 2984 920 3061 ille,
954 2985 1014 3066 qui
1045 2992 1166 3068 postea
1200 2986 1306 3049 filiam

359 3079 542 3144 Eadwardi
566 3081 659 3162 regis
684 3079 879 3162 Anglorum
905 3081 1007 3147 duxit
1029 3076 1212 3163 ³uxorem;
1246 3085 1305 3148 sed

356 3171 451 3242 ⁴baec
475 3178 579 3243 infra.
631 3179 762 3243 Eodem
787 3199 880 3244 anno
901 3175 1036 3260 ⁶Esnae,
1058 3182 1308 3250 Heresordensi

357 3278 534 3361 episcopo,
550 3272 803 3343 ⁶Ceolmundus
818 3281 996 3344 successit.

392 3519 399 3549 ¹
413 3521 497 3572 Filius
508 3523 564 3589 Jtlii
582 3520 644 3593 tui]
663 3525 744 3574 Filius
760 3525 820 3575 liliae
851 3525 854 3529 ’
881 3522 1033 3590 'Uxorem.]
1050 3527 1082 3576 ln
1093 3543 1207 3591 uorem,
1220 3530 1251 3581 h.

353 3593 821 3724 insidiabimini
843 3593 965 3714 „⁴35⁶
983 3596 1076 3660 ψ’]
1100 3599 1153 3656 ⁸⁰⁰·
1166 3600 1259 3665 ''⁶¹⁰'’
1275 3602 1308 3651 “¹

600 3696 609 3724 ,
878 3700 885 3713 .
947 3699 954 3715 .

354 3728 418 3790 king
437 3729 466 3777 oi
481 3730 621 3792 Protendo,
643 3733 676 3792 by
696 3732 820 3782 Hermen·
878 3731 975 3782 ‘Esne
997 3768 1050 3785 ...
1072 3734 1212 3800 episeopo]
1243 3739 1307 3789 Post

353 3797 442 3858 garde,
460 3797 586 3859 daughter
601 3800 630 3848 of
643 3800 686 3849 the
705 3816 820 3863 emperor
843 3803 1307 3872 Eanefflererordensemepiaeopum,

354 3866 432 3914 Louis
441 3867 593 3919 thesecond.
616 3870 659 3919 He
670 3871 730 3920 died
741 3873 819 3921 about
842 3872 874 3922 L.

353 3934 396 3983 the
408 3949 470 3998 year
480 3940 537 3987 929.
877 3937 1082 4006 ‘Ceolmundud
1093 3942 1147 3993 The
1157 3945 1218 3995 time
1229 3947 1259 3996 ol
1266 3947 1306 3996 hir

387 4002 527 4055 ²Mirabile
542 4008 640 4067 suctum
661 4010 731 4074 hoe]
759 4011 817 4061 Hoc
842 4011 918 4060 death
937 4013 960 4060 is
979 4014 1306 4078 uncemain3h1almsbury

352 4073 447 4125 sactum
459 4077 583 4141 mirabile,
593 4079 625 4128 L.
840 4080 1138 4132 callahim‘Galmuud.'
