3000 5004
399 425 473 489 xxii
786 440 960 488 esuries.

397 597 594 661 Aldroenus
614 617 675 660 rex
696 616 718 659 a
737 596 880 660 Conone
904 604 1061 678 quartus,
1080 596 1135 658 cui
1160 595 1349 660 Maximia-

399 716 465 759 nus
495 706 663 779 tyrannus
694 715 836 777 regnum
864 696 948 759 illud
979 695 1143 770 dederat;
1178 696 1250 776 qui,
1274 697 1349 761 viso

400 803 507 859 tantae
519 797 721 860 reverentiae
735 797 822 870 viro,
834 795 929 859 illurn
947 815 1024 858 cum
1040 794 1169 858 honore
1183 797 1348 876 suscepit.

362 970 365 975 ⁴
399 893 450 959 At
475 895 765 977 archiepiscopus,
794 895 964 959 adventus
992 895 1046 957 sui
1074 912 1214 957 causam
1244 909 1350 976 expo-

399 1013 496 1071 nenS,
512 994 682 1058 infletum
699 995 857 1076 prorupit
870 1002 904 1057 et
916 993 1017 1068 dixit,
1036 993 1150 1056 ‘Satis
1168 1000 1237 1056 tuae
1253 995 1350 1057 nobi-

398 1093 490 1157 litati
518 1101 625 1175 patet,
654 1114 729 1169 rex,
750 1094 899 1175 qualiter
926 1093 1175 1167 Maximianus,
1202 1093 1260 1173 qni
1285 1092 1349 1157 hoc

400 1211 543 1273 regnum
563 1193 659 1257 vobis
676 1193 835 1268 contulit,
852 1193 1000 1256 insulam
1018 1201 1172 1256 nostram
1193 1192 1265 1254 suis
1288 1193 1351 1255 mi-

398 1291 517 1356 litibus
550 1291 764 1374 spoliaverit,
794 1293 1010 1374 qualiterque
1040 1310 1115 1355 eam
1148 1310 1169 1353 a
1199 1291 1281 1354 viris
1313 1301 1348 1356 et

398 1390 549 1455 soeminis
579 1390 749 1455 nobilibus
780 1411 925 1455 vacuam
964 1390 1152 1471 reliquerit,
1182 1397 1217 1453 et
1245 1411 1348 1472 quarn

398 1491 569 1554 miseriam
584 1511 648 1553 nos
667 1490 773 1554 vestri
790 1491 948 1554 concives
965 1491 1059 1572 passi
1074 1489 1251 1565 fuerimuS,
1266 1490 1347 1553 dum

398 1591 500 1653 modo
518 1591 675 1653 omnibus
692 1591 889 1653 nationibus
906 1590 1024 1670 praeda
1037 1608 1155 1652 sumus
1170 1590 1348 1669 etrapina.

400 1687 482 1751 Non
499 1688 610 1751 solum
631 1688 675 1751 ab
695 1688 794 1751 hoste
812 1688 1032 1771 deprimimur
1048 1689 1108 1752 sed
1127 1689 1241 1770 potius
1258 1688 1347 1753 farne

399 1788 575 1862 morimur,
597 1787 748 1850 maxime
771 1807 848 1850 cunr
871 1789 964 1851 omni
987 1808 1111 1869 genere
1133 1787 1263 1869 pabuli,
1286 1809 1347 1852 ex·

399 1895 500 1968 cepto
533 1885 618 1950 artis
650 1888 837 1951 venatoriae
869 1887 1007 1962 solatio,
1037 1906 1227 1951 careamus.
1289 1886 1346 1952 Ab

399 1986 492 2048 omui
518 1985 625 2066 igitur
656 1985 726 2049 alia
757 2006 818 2066 spe
847 1986 987 2068 repulsi,
1021 1987 1169 2067 gratiam
1195 1993 1347 2050 vestram

399 2084 582 2160 adivimus,
607 2104 681 2160 rex,
708 2085 931 2167 implorantes
961 2093 1001 2149 nt
1026 2085 1224 2167 praesidium
1250 2085 1347 2149 adbi-

399 2183 483 2246 beas
505 2183 733 2265 personaliter
754 2185 933 2261 accedens,
957 2194 992 2249 et
1007 2204 1151 2265 regnum
1169 2184 1229 2248 tibi
1253 2184 1348 2249 debi-

401 2290 486 2359 tum,
509 2282 663 2365 expulsis
681 2283 849 2360 barbaris,
871 2284 915 2346 ad
937 2283 1073 2348 libitum
1091 2284 1265 2366 disponas,
1288 2304 1348 2366 po·

397 2382 517 2463 pulum
532 2401 646 2462 rogae,
665 2390 700 2446 et
717 2384 878 2464 patriam,
896 2402 973 2464 quae
1002 2383 1082 2446 olim
1112 2402 1220 2463 regna
1244 2382 1347 2465 longe

398 2482 512 2562 posita
538 2481 602 2545 sibi
628 2481 835 2564 subjecerat,
862 2482 904 2544 ad
929 2483 1112 2564 pristinum
1138 2488 1266 2546 statum
1292 2503 1346 2548 re·

397 2578 526 2642 ducas!
578 2577 733 2661 Cumque
753 2581 828 2644 baec
847 2588 883 2644 et
899 2580 967 2644 alia
985 2581 1264 2662 archiepiscopus
1286 2582 1345 2646 diu

398 2677 597 2758 allegasset,
610 2698 672 2741 rex
692 2681 727 2742 in
753 2679 843 2744 hunc
864 2679 1002 2744 modum
1024 2680 1212 2761 respondit,
1230 2680 1346 2744 ‘Olim

399 2782 534 2859 tempus
548 2784 635 2851 erat,
651 2798 720 2859 quo
737 2798 806 2843 non
820 2799 979 2860 negarem
995 2779 1144 2842 insulam
1154 2780 1345 2845 Britanniae

397 2877 562 2957 recipere,
576 2876 648 2951 sed,
668 2879 831 2960 quoniam
848 2879 1037 2942 infortunia
1054 2886 1282 2954 accesserunt,
1293 2881 1346 2943 vi·

398 2972 463 3037 lior
490 2973 573 3037 mihi
603 2974 698 3039 sacta
724 2984 776 3041 est
805 2986 840 3041 et
868 2978 952 3041 meis
979 2978 1190 3059 principibus
1214 2978 1345 3042 odiosa.

398 3072 648 3150 Veruntamen,
672 3095 712 3138 eo
737 3076 828 3158 quod
854 3077 911 3139 avi
936 3084 972 3140 et
991 3076 1086 3139 atavi
1110 3077 1178 3140 mei
1196 3077 1343 3143 insulam

396 3172 490 3236 illam
517 3181 714 3248 tenuerunt,
742 3175 840 3239 trado
866 3175 964 3238 vobis
987 3174 1253 3239 Constantinum
1275 3178 1344 3240 fra-

396 3277 483 3335 trem
499 3291 624 3349 meum,
640 3281 675 3336 et
685 3273 753 3337 duo
769 3274 876 3337 millia
892 3274 1037 3337 militum
1053 3294 1130 3337 cum
1143 3295 1204 3352 eo;
1227 3275 1299 3357 qui,
1313 3278 1343 3340 si

396 3369 493 3434 Deus
515 3372 721 3453 permiserit,
743 3374 890 3455 patriam
915 3374 959 3436 ab
979 3372 1129 3436 hostium
1152 3374 1343 3456 irruptione

394 3468 566 3547 liberabit,
583 3479 689 3554 atque
705 3473 899 3536 diademate
920 3470 1045 3534 ibidem
1063 3471 1248 3554 insignitus
1263 3493 1340 3537 cum

394 3568 506 3648 gloria
522 3578 557 3632 et
576 3569 704 3634 bonore
726 3591 870 3653 regnum
887 3571 1100 3653 possidebit!
1151 3572 1224 3635 Vix
1240 3573 1341 3636 linem

393 3665 528 3729 dicendi
541 3666 624 3731 fecit
633 3688 707 3743 rex,
719 3690 797 3732 cum
813 3670 1103 3752 archiepiscopus,
1115 3679 1239 3734 vocato
1252 3669 1342 3736 Con-

392 3765 559 3840 stantino,
585 3765 659 3829 viro
689 3766 724 3829 in
753 3767 876 3832 militia
904 3770 1108 3851 approbato,
1141 3769 1171 3832 ei
1205 3769 1239 3830 iu
1267 3769 1341 3835 hac

392 3863 498 3925 verba
523 3864 651 3940 arrisit,
678 3866 863 3931 ‘cbristus
886 3868 1004 3941 vincit,
1029 3867 1188 3932 Christus
1206 3878 1340 3949 regnat,

392 3959 552 4026 Christus
569 3963 734 4045 imperat;
759 3965 851 4030 adsit
865 3967 973 4046 igitur
988 3966 1147 4030 Christus
1171 3968 1244 4048 regi
1265 3969 1340 4033 Bri-

391 4061 530 4137 tanniae,
561 4064 618 4145 qui
647 4072 700 4128 est
720 4065 871 4129 defensio
897 4074 1025 4143 nostra,
1044 4075 1082 4130 ut
1103 4067 1251 4130 insulam
1277 4070 1340 4131 mi-

388 4163 565 4224 serrimam
581 4162 625 4224 ad
641 4165 819 4245 pristinam
837 4166 1029 4230 libertatem
1049 4165 1215 4231 reducat!
1247 4165 1340 4245 Quid
