3000 5004
460 437 601 484 enonas
625 438 896 486 uisroninnuu.
1108 423 1150 487 91

200 595 287 657 sime
297 591 462 656 infestare
482 611 550 656 non
566 593 761 656 cessabant.
814 591 1029 655 Residehant
1046 593 1153 674 igitur

202 691 403 754 miserrima>
432 691 617 757 Britonum
635 690 790 773 reliqmae
816 692 852 754 in
878 691 988 755 trihus
1011 693 1153 773 provin·
1262 719 1264 724 ¹

203 791 278 866 ciis,
293 788 469 853 Comuhia
482 789 655 865 videlicet,
676 808 755 871 quse
775 789 1026 853 Cornu-wallia
1043 810 1066 853 a
1078 792 1154 873 qui-

203 888 349 953 busdam
377 889 514 966 dieitur,
532 908 574 952 eo
599 887 691 970 quod
717 888 754 950 in
777 906 871 951 mare
894 907 969 951 sese
992 891 1092 971 quasi
1117 891 1153 953 in

204 1006 312 1052 cornu
329 987 507 1065 extendit3
532 987 708 1060 Demade,
734 1006 813 1068 quae
826 984 1002 1050 Australis
1022 987 1154 1052 Wallia

206 1085 424 1167 appellatur;
443 1085 654 1162 venedocia,
666 1105 745 1167 quae
759 1085 793 1149 N
796 1084 1010 1149 ouh-wallia
1020 1105 1153 1155 nuncu·

205 1191 320 1266 patur.
374 1183 442 1247 His
457 1184 583 1248 finibus
605 1185 764 1266 quamvis
787 1185 837 1247 eis
860 1184 979 1248 invitis
1001 1187 1155 1248 contenti

206 1301 228 1345 a
253 1282 321 1346 fide
344 1289 461 1347 tamen
476 1282 607 1346 Christi
632 1301 809 1364 nunquam
835 1290 1069 1362 recesserunt3
1094 1284 1155 1346 sed

207 1381 243 1443 in
265 1380 330 1445 hoc
353 1388 488 1445 tantum
520 1379 803 1462 reprehensibiles
827 1379 1040 1462 judicantur,
1062 1381 1155 1463 quod

206 1497 343 1561 semper
358 1487 496 1560 gentem
511 1477 718 1561 Anglorum,
733 1486 768 1542 et
782 1479 885 1542 etiam
902 1498 1012 1561 usque
1034 1480 1070 1542 in
1092 1478 1155 1542 ho·

208 1576 363 1640 diemum
378 1577 481 1654 diem,
496 1579 596 1660 quasi
614 1597 675 1660 per
690 1596 749 1641 eos
765 1578 914 1659 propriis
928 1577 1053 1640 finibus
1076 1596 1156 1659 pro·

207 1676 340 1758 scripti,
355 1676 435 1740 odio
450 1676 589 1740 mortali
607 1676 857 1758 perstringunt,
874 1695 938 1739 nec
959 1675 1028 1738 illis
1047 1676 1157 1739 liben-

210 1774 279 1837 tius
307 1792 412 1856 quam
439 1775 585 1837 canibus
612 1776 864 1838 communicare
883 1774 1017 1839 volunt.
1069 1775 1158 1838 Sunt

209 1881 326 1935 autem
355 1872 544 1954 provinciae
573 1872 710 1936 illorum
740 1872 1040 1956 inexpugnabiles,
1064 1872 1160 1937 vide·

210 1969 292 2034 licet
308 1989 485 2035 nemorum
499 1972 730 2035 densitatibus
751 1973 908 2047 consitae,
923 1971 1004 2034 altis
1018 1970 1158 2035 vallatae

210 2068 407 2150 paludibus,
432 2070 618 2152 praeruptis
646 2077 818 2133 tumentes
841 2071 1037 2150 montibus;
1069 2070 1160 2134 unde

211 2167 402 2249 saepissime
418 2169 518 2250 quasi
541 2186 656 2231 mures
678 2168 721 2231 de
746 2168 903 2231 cavernis
928 2176 1160 2250 erumpentes,

211 2272 349 2347 gentem
374 2264 568 2347 Anglorum
594 2267 752 2347 nequiter
776 2267 954 2342 infestant,
981 2285 1043 2330 nec
1066 2266 1160 2331 aliud

213 2364 322 2428 abeis
338 2364 373 2426 in
388 2364 478 2429 bello
496 2365 563 2428 nisi
578 2365 695 2446 capita
720 2364 832 2428 solum
847 2384 910 2445 pro
925 2363 1162 2447 redemptione

213 2463 400 2543 requirunt
463 2462 544 2526 Hac
578 2464 726 2545 denique
762 2470 980 2545 tempestate,
1017 2464 1308 2528 ecclesianaeuann

212 2560 306 2625 beati
323 2562 486 2644 martyris
501 2560 643 2638 Albani,
658 2581 737 2643 quae
755 2569 835 2644 post
851 2563 1046 2643 passionem
1064 2582 1162 2626 suam
1173 2536 1323 2627 iiiiii

213 2659 300 2722 miro
316 2660 475 2724 tabulatu
497 2659 647 2741 lapideo,
663 2668 769 2742 atque
791 2661 868 2744 ejus
892 2661 1058 2743 martyrio
1080 2681 1163 2725 con·

213 2758 321 2838 digna
344 2757 473 2838 legitur
486 2757 667 2833 fabricata,
682 2759 818 2842 dejecta
833 2761 972 2841 penitus
988 2779 1067 2823 eum
1085 2760 1163 2824 aliis

212 2854 364 2919 creditur
387 2863 422 2919 et
444 2856 569 2932 deleta,
594 2857 702 2921 donec
727 2877 789 2940 per
814 2859 1043 2922 ministerium
1058 2852 1163 2921 ¹0ffae

214 2954 318 3035 regis,
336 2953 462 3035 angelo
478 2955 545 3018 sibi
567 2954 756 3032 revelante,
772 2975 898 3038 corpus
921 2957 1063 3037 gloriosi
1080 2974 1164 3019 con·

214 3049 354 3115 sessoris
367 3071 407 3117 ac
420 3053 583 3135 martyris
597 3054 776 3117 inventum
792 3061 858 3131 est,
868 3062 904 3118 et
917 3054 1164 3118 monasterium

214 3150 290 3232 ejus
307 3151 421 3215 denuo
438 3150 659 3215 fabricatum.

284 3322 372 3384 Noto
385 3314 613 3385 'distinctiones
628 3342 790 3407 raptorum
806 3329 834 3384 ot
848 3340 952 3404 rapum
966 3319 1099 3405 duplice.

264 3443 459 3527 Suhjugata
493 3443 612 3527 itaque
644 3444 827 3509 Britannia
855 3442 1057 3524 civibusque
1086 3463 1165 3525 pro·
1175 3472 1325 3522 saxonum..

213 3543 363 3624 scriptis,
380 3562 478 3624 reges
493 3541 687 3624 Anglorum
701 3543 775 3606 sive
790 3542 969 3606 Saxonum
981 3548 1091 3606 terras
1102 3562 1165 3605 un-

213 3640 317 3722 dique
338 3647 524 3723 occupant,
547 3660 655 3723 regna
672 3642 898 3718 dilatant,'et,
914 3659 977 3722 pro
1000 3640 1164 3705 uniuscu-

248 3845 256 3877 ¹
272 3847 339 3912 Offae
356 3848 444 3911 regia]
462 3849 516 3897 'l'he
534 3854 676 3909 monastery
702 3845 783 3898 Wats'
794 3850 888 3897 edition
900 3848 929 3897 os
937 3849 1062 3898 Matthew
1074 3849 1159 3899 Paris.

212 3931 267 3965 was
287 3917 446 3966 commended
464 3919 500 3978 by
511 3917 571 3966 om
589 3918 615 3965 in
634 3917 676 3967 the
738 3913 1100 3986 ‘Datmtaunregnmq
1112 3919 1166 3968 The

214 3999 276 4046 year
293 3989 352 4047 ⁷98,
370 3985 419 4034 aud
436 3985 479 4035 the
497 3987 572 4035 relies
593 3986 677 4035 estha
703 3987 792 4034 render
810 3987 864 4036 will
883 3986 917 4035 do
930 3988 989 4036 well
1008 3992 1034 4035 to
1050 4002 1167 4048 compare

212 4055 280 4103 saint
295 4055 412 4103 removed
430 4054 531 4106 thither.
566 4056 615 4104 See
634 4056 678 4104 life
703 4055 754 4103 this
764 4055 873 4105 division
888 4055 917 4103 oi
929 4055 971 4105 the
987 4061 1092 4117 nonnby
1103 4056 1166 4104 with

211 4123 242 4172 os
257 4124 284 4172 S.
301 4123 385 4172 Alban
402 4125 429 4172 in
449 4124 591 4186 Capgrave,
611 4126 677 4175 Nov.
704 4124 758 4172 that
770 4139 836 4173 more
847 4125 911 4184 fully
923 4125 997 4185 given
1016 4125 1049 4186 by
1063 4125 1167 4174 ltlalms·

215 4193 277 4254 heg.
295 4191 338 4242 sol.
361 4194 397 4242 ix.
415 4193 464 4242 and
484 4200 510 4243 nt
527 4194 569 4244 the
585 4195 634 4244 end
653 4192 682 4242 of
704 4193 778 4253 bury,
790 4193 803 4254 ς
815 4196 939 4242 ott-1⁰⁵.
