3000 5004
335 453 401 518 210
590 464 724 513 nocuus
750 465 797 511 oc
821 463 1028 511 wunuovsn

337 625 464 688 sistens
480 622 669 698 nocturnis,
686 620 820 701 ingenti
840 619 958 683 souitu
978 617 1127 682 insulam
1145 623 1294 680 tremere

337 723 521 798 sentiebat,
544 730 580 785 et
605 740 688 784 mox
711 718 847 783 audivit
863 718 1060 801 strepitum,
1082 716 1183 799 quasi
1211 735 1292 779 cur·

338 822 487 886 rentium
525 828 785 896 armentorum
818 837 881 881 uec
908 835 1017 894 mora,
1049 815 1202 897 undique
1229 834 1293 878 ra-

339 923 468 985 riorum
500 921 630 1001 figuras
659 925 891 981 monstrorum
923 915 1066 980 introire
1094 915 1293 997 conspexit,

341 1019 491 1083 ferarum
519 1018 691 1094 videlicet,
730 1017 955 1097 serpentium,
988 1015 1204 1093 bestiarum
1236 1013 1292 1077 his

341 1120 450 1200 igitur
474 1119 567 1182 circa
586 1116 716 1181 Christi
742 1116 886 1179 militem
912 1113 1120 1178 horribiliter
1143 1121 1295 1195 perstre-

342 1219 503 1300 pentibus
541 1217 603 1293 uit,
637 1214 854 1278 ‘Miserrime
889 1213 1057 1289 Sathena,
1086 1212 1168 1295 quid
1200 1212 1293 1276 vires

342 1317 474 1381 alienus
513 1315 675 1379 simulare
716 1312 877 1377 conarisl
949 1312 993 1375 In
1030 1312 1167 1376 nomine
1204 1310 1294 1376 Jesu

344 1415 474 1480 Christi
496 1414 661 1497 praecipio
684 1413 748 1476 tibi
773 1418 813 1476 ut
836 1411 1018 1490 desistas3’
1048 1417 1188 1493 etpost
1218 1410 1295 1474 haec

343 1517 462 1592 verba,
484 1514 603 1578 statim
628 1511 825 1576 universum
848 1503 1055 1593 phantasma
1077 1509 1295 1592 [disparuit]

345 1613 540 1697 Episcopus
554 1612 707 1695 quidam,
723 1604 870 1673 ¹Hehbu
884 1611 1032 1686 nomine,
1048 1610 1145 1673 venit
1160 1609 1205 1672 ad
1223 1608 1297 1673 col·

346 1712 502 1794 loquium
528 1712 639 1775 sancti
664 1709 742 1786 viri,
774 1709 905 1773 habens
933 1709 969 1772 in
992 1710 1159 1773 comitatu
1181 1709 1296 1772 virum

346 1811 517 1891 quendam
532 1810 723 1885 librarium,
741 1809 878 1873 nomine
896 1807 1118 1885 Wilfridum3
1153 1806 1209 1870 hic
1232 1826 1296 1870 au·

346 1909 445 1973 diens
473 1909 649 1973 ministros
671 1907 715 1970 de
741 1908 833 1971 beati
858 1907 1025 1972 Guthlaci
1050 1907 1238 1971 virtutihus
1261 1914 1298 1971 et

347 2007 523 2072 miraculis
540 2007 789 2089 colloquentes,
809 2006 854 2070 ad
870 2006 1038 2090 quosdam
1060 2007 1098 2070 in
1115 2005 1215 2089 cujus
1233 2025 1297 2089 po·

347 2108 458 2171 tentia
475 2106 548 2171 haec
566 2106 696 2170 faceret
714 2105 912 2170 dubitantes
927 2107 990 2183 ait,
1007 2105 1098 2188 quod
1116 2106 1146 2168 si
1163 2105 1299 2169 videret

347 2225 437 2282 eum,
462 2207 566 2269 sciret
592 2206 784 2269 discernere
814 2212 931 2269 utrum
957 2225 1058 2269 verus
1086 2204 1154 2268 Dei
1184 2204 1300 2268 cultor

348 2313 451 2381 esset,
465 2324 508 2368 an
522 2304 720 2369 sanctitatis
736 2305 885 2386 speciem
902 2304 1091 2368 simularet.
1122 2303 1298 2367 Praefatus

348 2405 456 2485 igitur
479 2404 662 2486 episcopus
684 2404 751 2466 viri
776 2403 844 2467 Ilei
872 2404 1086 2468 sermonibus
1110 2410 1299 2480 recreatus,

348 2522 426 2566 eum
441 2501 625 2584 diligenter
639 2501 746 2584 coepit
761 2502 905 2578 hortari,
921 2511 960 2567 ut
977 2522 1038 2585 per
1050 2522 1127 2566 eum
1143 2502 1299 2567 ordinem

348 2601 539 2665 sucerdotis
573 2603 756 2683 acciperet,
787 2602 847 2682 qui
878 2603 1005 2665 cadens
1027 2602 1070 2665 ad
1094 2602 1200 2684 pedes
1225 2602 1300 2684 epi·

349 2701 458 2781 scopi,
481 2720 518 2764 se
543 2709 717 2782 praecepto
738 2701 848 2782 ipsius
870 2701 1009 2764 obedire
1024 2702 1201 2783 promisit3
1226 2701 1301 2783 epi·

350 2818 477 2882 scopus
494 2799 601 2880 igitur
617 2799 785 2880 gaudens,
801 2807 1005 2864 consecrata
1026 2801 1122 2882 prius
1142 2800 1302 2877 ecclesia,

350 2899 464 2979 ipsum
479 2898 523 2962 ad
542 2898 727 2963 sacerdotii
742 2899 887 2978 gradum
901 2900 1004 2962 laetus
1022 2899 1207 2981 promovit.
1231 2897 1301 2963 Illo

351 2997 489 3080 quidem
511 2997 567 3062 die
589 3004 711 3061 contra
728 2997 881 3073 solitum,
899 3006 1025 3079 rogatu
1047 2997 1220 3080 pontificis
1241 3017 1303 3062 co·

351 3104 450 3160 actus
473 3104 527 3160 est
542 3096 585 3159 od
609 3115 744 3159 coenam
763 3115 841 3160 cum
863 3098 998 3160 caeteris
1021 3096 1190 3174 residere3
1217 3104 1302 3160 tuuc

352 3195 547 3277 adspiciens
563 3194 747 3277 praelatum
763 3188 989 3273 ²Wilsridum,
1005 3197 1055 3260 ait
1069 3196 1112 3259 ad
1130 3215 1221 3272 eum,
1243 3196 1299 3260 ‘O

352 3292 461 3358 frater
484 3294 658 3371 Wilfride,
684 3294 768 3376 quid
794 3295 857 3358 tibi
882 3313 973 3359 nuuc
996 3294 1134 3359 videtur
1165 3294 1209 3357 de
1239 3294 1303 3359 illo

352 3391 547 3470 dicendum,
568 3394 612 3459 de
630 3413 699 3475 quo
716 3392 790 3457 heri
806 3401 841 3457 te
852 3392 1089 3477 judicaturum
1111 3394 1303 3458 certissime

352 3492 540 3573 promisisti
552 3491 578 3556 l'
624 3492 691 3556 Ille
708 3493 809 3556 nimis
831 3492 1005 3556 admirans
1020 3493 1183 3570 surrexit,
1198 3500 1234 3556 et
1256 3493 1302 3556 sd

351 3591 457 3672 pedes
483 3591 559 3673 ejus
587 3591 724 3654 veniam
758 3591 933 3655 humiliter
960 3591 1123 3673 flagitans
1150 3610 1187 3654 se
1219 3612 1302 3674 pro-

352 3689 488 3752 stravit.
541 3688 660 3771 Hujus
681 3691 792 3754 sancti
809 3692 875 3756 viri
890 3692 1036 3755 virtutes
1050 3692 1080 3755 si
1095 3711 1214 3755 omues
1229 3692 1305 3755 vel·

352 3785 420 3848 lem
435 3786 610 3866 explicare
625 3789 752 3865 verbis,
767 3789 817 3854 ita
831 3798 924 3854 esset
940 3810 981 3854 ac
996 3791 1026 3853 si
1041 3791 1146 3854 maris
1162 3810 1305 3855 arenam

353 3883 539 3965 inciperem
565 3905 766 3968 numerare;
794 3889 958 3954 vicesimo
984 3897 1101 3953 autem
1127 3898 1164 3953 et
1179 3891 1305 3972 quinto

353 3983 470 4047 aetatis
484 4004 557 4048 suae
582 4005 672 4050 anno
690 3987 882 4052 solitariam
904 4008 1091 4071 aggressus
1107 3990 1229 4066 vitam,
1244 4009 1308 4053 au·

388 4163 519 4237 ¹llehbu.]
546 4170 649 4234 Hedda,
668 4172 694 4220 iu
711 4171 753 4221 the
770 4172 814 4221 lile
877 4169 1081 4237 'Wilsrr'dam.]
1105 4173 1258 4238 wigfridus,
1279 4177 1307 4226 iu

352 4239 429 4288 cited.
841 4241 882 4290 the
892 4241 937 4291 life
949 4242 1025 4292 cited.
