3000 5004
484 445 625 495 ruonns
649 444 919 494 maronianum.
1105 429 1171 495 357

219 604 373 682 baberet,
385 603 500 686 legum
512 603 733 668 severitatem
746 602 898 682 subiret3
914 609 949 666 et
960 603 989 666 si
999 601 1076 685 quis
1088 612 1169 669 anto

221 705 439 767 vadationem
454 703 509 767 vel
521 710 603 785 post
616 701 810 783 aufugeret,
822 720 939 766 omnes
950 721 995 764 ex
1013 705 1168 767 centuria

219 802 295 885 ejus
311 812 347 866 et
363 803 496 866 decima
517 802 609 882 regis
627 801 792 864 mulctam
808 801 1033 865 incurrerent.
1086 802 1167 867 Hoc

217 921 356 983 qnoque
388 909 581 965 commento
607 919 727 983 pacem
750 898 878 962 infudit
904 900 1101 981 provinciis,
1127 909 1167 965 nt

217 1000 322 1064 otiam
338 1020 400 1083 per
417 999 573 1082 publicos
593 1016 751 1080 aggeres,
769 997 828 1059 nbi
843 999 974 1061 semitae
990 997 1169 1073 finduntur,

217 1098 254 1163 in
272 1100 454 1181 quadrum,
471 1096 625 1160 armillas
638 1097 776 1180 juberet
799 1114 922 1158 aureas
945 1097 1107 1176 appendi,
1126 1106 1166 1162 ut

217 1197 384 1260 viantium
416 1195 618 1260 aviditatem
646 1195 835 1268 irritarent,
866 1213 944 1257 cnm
976 1213 1045 1256 non
1074 1204 1165 1261 esset

216 1296 274 1377 qni
289 1316 349 1359 eas
366 1296 547 1376 abriperet.

267 1464 488 1529 Declamatio
503 1465 584 1549 repis
597 1463 729 1547 Alsredi
744 1472 772 1526 et
778 1462 924 1546 falsitate
938 1464 1113 1530 Danaam.

265 1587 370 1651 Anno
390 1589 531 1651 Domini
554 1581 927 1669 ncccxc111.¹pagani,
950 1589 1008 1671 qni
1033 1588 1162 1654 North·
1176 1607 1285 1648 anos.

214 1685 452 1750 anbumbriam
492 1696 527 1750 et
558 1687 617 1768 qui
648 1686 903 1766 East-angliam
933 1687 1162 1768 incoluerunt,
1175 1659 1300 1749 {hilnl‘⁸

215 1804 335 1865 pacem
355 1806 433 1849 cum
447 1785 591 1851 Alfredo
611 1804 693 1865 rege
705 1785 912 1868 juramentis
934 1792 969 1849 et
986 1787 1162 1853 obsidibus

212 1890 411 1951 statuerunt
424 1905 433 1962 ;
456 1884 530 1961 sed,
544 1891 646 1966 rupto
660 1884 801 1960 foedere,
809 1885 1086 1967 quandocunque
1102 1908 1163 1951 ex.

213 1983 340 2045 ercitus
362 2003 576 2065 paganorum
601 1983 637 2046 in
661 1980 787 2046 Cantia
809 1982 962 2046 residens
984 1985 1163 2065 praedandi

212 2100 319 2144 cansa
341 2082 383 2145 de
406 2083 479 2145 suis
499 2082 745 2145 munitionibus
763 2082 884 2157 exivit,
903 2081 970 2162 ipsi
992 2101 1069 2145 cum
1091 2085 1160 2148 illis

212 2180 267 2243 vel
291 2200 353 2262 per
377 2200 426 2257 se,
454 2182 649 2262 ubicunque
671 2186 858 2262 potnerunt
880 2179 1017 2262 praedas
1044 2201 1159 2263 agere,

211 2297 280 2341 non
303 2281 508 2358 cessabant3
536 2299 606 2362 quo
630 2278 782 2360 cognito,
808 2298 870 2340 rex
895 2277 1059 2345 Alfredus
1081 2301 1159 2347 cum

211 2378 367 2441 exercitu
398 2398 462 2442 suo
494 2377 655 2442 Cantium
683 2377 916 2460 proficiscens
952 2378 1043 2441 inter
1071 2380 1159 2446 duos

208 2494 424 2557 paganorum
454 2478 628 2541 exercitus
655 2482 920 2540 castrametatus
952 2484 1017 2553 est,
1045 2485 1097 2555 ut,
1129 2481 1158 2544 si
1251 2497 1256 2505 ·

210 2574 298 2638 forte
321 2594 480 2659 campum
504 2576 653 2657 aliquem
684 2576 811 2656 praedae
840 2593 946 2637 causa
968 2575 1023 2638 vel
1047 2578 1159 2659 praelii

209 2680 378 2754 peterent,
397 2676 472 2756 ipse
495 2674 645 2737 cumeis
672 2680 845 2736 certamen
870 2673 984 2737 iniret.
1037 2673 1087 2739 At
1108 2676 1159 2740 illi

209 2790 300 2834 nunc
323 2782 512 2854 equestres,
535 2791 626 2834 nunc
650 2772 796 2853 pedites,
824 2770 1063 2837 latrocinando
1080 2775 1159 2838 illas

208 2877 326 2950 partes
342 2870 622 2953 frequentabant,
639 2871 698 2933 nbi
720 2871 811 2950 regis
825 2871 1016 2933 exercitum
1036 2874 1158 2938 abesse

208 2968 389 3048 sciebant3
416 2971 540 3051 quibus
563 2976 680 3031 tamen
703 2988 766 3031 rex
783 2968 907 3030 subitis
929 2987 1023 3050 saepe
1042 2970 1158 3033 incur·

207 3067 363 3129 sionibus
389 3068 545 3144 obvians,
568 3067 681 3131 caedes
704 3065 808 3130 infert
833 3064 1002 3129 assiduas.
1055 3067 1158 3131 Unde

208 3163 369 3229 (lantiam
396 3166 643 3248 relinquentes,
673 3164 717 3228 ad
746 3163 955 3227 Hasteinum
981 3165 1157 3228 concivem

206 3282 319 3341 sunm,
344 3265 404 3347 qui
428 3264 520 3348 apud
544 3263 796 3327 Middeltonam
820 3261 1053 3345 hyemaverat,
1076 3281 1158 3327 con-

207 3363 392 3445 fugerunt3
417 3382 505 3445 quos
529 3383 593 3425 rex
610 3362 755 3426 viriliter
778 3361 966 3449 insecutus,
990 3380 1058 3424 non
1081 3381 1155 3426 ces·

206 3462 299 3526 savit
321 3461 430 3526 donec
451 3462 547 3543 ipsos
569 3481 647 3526 cum
665 3460 840 3523 Hasteino
862 3459 964 3522 Dano
990 3461 1154 3525 crudelis·

205 3561 293 3624 simo
317 3562 353 3625 in
373 3560 609 3641 municipium,
624 3558 717 3642 qnod
730 3556 822 3621 idem
838 3555 1032 3622 Hasteinus
1047 3579 1156 3641 nuper

203 3660 330 3723 ibidem
352 3666 609 3735 construxerat,
625 3657 794 3722 violenter
816 3656 976 3736 intrusit;
1000 3677 1070 3739 quo
1093 3678 1155 3721 rex

204 3778 283 3822 cum
306 3760 534 3841 pervenisset,
555 3756 778 3838 municipium
802 3755 978 3819 obsidione
998 3757 1155 3834 vallavit,

203 3857 396 3939 erectisque
426 3859 462 3920 in
488 3876 611 3939 gyrum
643 3854 823 3932 machinis,
853 3854 936 3917 illud
967 3855 1155 3937 subjugare

237 4073 247 4106 ¹
275 4075 383 4137 Pagasai,
413 4073 456 4137 qui
485 4071 666 4122 Nortltonbum·
692 4073 753 4122 Sax.
776 4071 870 4120 Chron.
893 4069 944 4116 and
966 4069 1088 4118 llorence
1114 4081 1155 4116 re·

203 4146 303 4209 briam]
326 4145 381 4194 The
397 4148 485 4195 events
503 4143 533 4192 of
547 4142 598 4191 this
616 4143 666 4191 and
692 4141 785 4191 corded
795 4138 945 4201 togetherin
956 4141 1013 4186 894.

201 4216 244 4266 tbc
267 4215 397 4276 following
419 4228 481 4275 year
503 4227 546 4261 are
568 4213 602 4272 by
624 4211 666 4260 the
