3000 5004
359 458 426 523 468
616 472 750 520 noonnr
775 473 822 518 nn
846 469 1052 518 n'nunovnn

360 651 480 695 secure
503 632 636 697 veniret
664 630 707 693 ad
730 648 803 704 eos,
825 628 908 710 quia
930 627 975 689 ad
999 624 1095 689 illum
1119 624 1317 707 suscipien-

361 730 442 793 dum
460 750 580 794 omnes
592 731 764 793 inveniret
777 735 933 811 paratos.

458 902 546 982 Quod
559 924 614 965 ras·
630 903 730 965 cluo
744 899 945 984 Norweqiam
961 896 1022 961 sibi
1037 895 1227 982 suljuqavr't.

411 1026 516 1091 Anno
541 1027 664 1107 gratiae
689 1042 857 1088 mxxvrn.
873 1044 935 1087 rex
959 1020 1154 1105 Auglorum
1181 1020 1314 1096 Cnuto,

253 1158 259 1188 ;
360 1146 439 1189 cum
464 1127 610 1189 navibus
625 1125 877 1207 quinquaginta
893 1124 929 1185 in
949 1121 1169 1202 Norwegiam
1195 1129 1311 1184 trans·

360 1234 493 1299 vectus,
520 1218 653 1306 ¹regem
671 1223 810 1287 Olasum
829 1241 852 1286 a
871 1241 976 1302 regno
997 1220 1144 1303 expulit,
1166 1228 1204 1282 et
1226 1220 1311 1283 illud

359 1323 594 1388 annuentibus
619 1325 685 1387 sibi
715 1321 935 1404 magnatibus
965 1320 1180 1402 subjugavit.
1246 1320 1313 1382 Eo

359 1423 435 1487 dem
464 1443 556 1487 anno
578 1430 681 1486 natus
700 1430 754 1485 est
770 1415 971 1484 ²Marianus
990 1420 1127 1494 Scotus,
1150 1419 1211 1500 qui
1235 1427 1313 1481 tan-

360 1522 438 1586 dem
465 1522 604 1587 adultus
621 1530 656 1585 et
677 1520 859 1588 instudiis
876 1518 1075 1583 liberalibus
1098 1518 1256 1580 eruditus
1271 1518 1312 1580 li·

359 1621 459 1685 brum
481 1621 718 1684 chronicorum
735 1619 891 1701 digessit,
908 1625 944 1681 et
959 1618 1049 1680 inter
1068 1636 1187 1680 omnes
1211 1617 1312 1680 chro-

359 1719 558 1800 nographos
585 1739 705 1799 regum
731 1718 870 1799 Angliae
897 1726 996 1798 gesta
1028 1716 1198 1798 prolixius
1225 1718 1312 1779 scri·

359 1819 457 1893 bens,
473 1818 620 1882 servatis
632 1818 730 1880 annis
750 1816 942 1881 Dominicis
958 1815 1002 1877 ab
1016 1816 1226 1897 imperatore
1243 1815 1312 1879 oc-

359 1918 501 1981 taviano
515 1915 677 1997 Augusto
692 1915 861 1998 usquead
876 1924 1033 1996 tempora
1041 1907 1201 1977 ³Henrici
1218 1916 1311 1996 regis

358 2014 554 2097 Anglorum
570 2015 682 2097 primi,
700 2015 874 2097 perduxit.

483 2188 572 2267 Quod
585 2210 639 2251 ree
655 2189 754 2251 danto
769 2189 803 2249 in
817 2187 968 2271 Aeoliam
983 2207 1118 2249 reuersus
1132 2195 1185 2248 eet.

409 2300 512 2374 Anno
539 2311 681 2375 Domini
709 2328 852 2374 mxxix,
876 2330 939 2373 ren
957 2308 1166 2390 Anglorum,
1186 2309 1310 2374 Dano-

293 2456 299 2467 .
358 2428 434 2471 rum
458 2420 493 2473 et
512 2409 800 2491 Norwegensium
817 2403 966 2485 ⁴Cnuto,
985 2409 1029 2472 ad
1045 2408 1211 2489 Angliam
1231 2410 1309 2472 red-

358 2509 444 2582 iens,
472 2508 666 2585 Haconem,
695 2509 868 2572 Danicum
887 2509 1059 2585 comitem,
1084 2509 1121 2570 in
1144 2507 1308 2571 exsilium

357 2607 461 2668 misit.
533 2607 668 2670 Habuit
701 2609 790 2670 enim
830 2626 973 2670 uxorem
1010 2606 1198 2669 Gunildam
1238 2629 1310 2671 ma-

356 2710 492 2767 tronam
520 2706 680 2781 nobilem,
703 2706 908 2787 Wirtigerni
931 2706 1023 2786 regis
1044 2706 1252 2769 Windorum
1274 2716 1308 2771 et

356 2804 485 2866 sororis
511 2823 584 2867 suae
606 2805 723 2882 filiam,
747 2806 838 2868 unde
865 2807 1042 2868 metuebat
1061 2806 1105 2868 ab
1124 2804 1187 2868 illo
1205 2806 1261 2869 vel
1287 2825 1308 2869 a

357 2903 430 2966 vita
444 2904 574 2984 privari
588 2904 642 2967 vel
659 2923 680 2966 a
695 2924 803 2985 reguo
820 2904 959 2986 expelli.

471 3078 520 3141 Da
535 3079 698 3142 nativitate
718 3078 867 3142 Willelmi
881 3080 970 3144 dae-is
984 3080 1198 3145 Noemonniae.

191 3215 315 3307 ΙΔιίῐιίᾑιοοῐω.
405 3200 510 3264 Auno
534 3203 656 3283 gratiae
681 3220 809 3265 mxxx.
827 3203 1015 3280 Robertus,
1042 3204 1186 3268 Ricardi
1213 3204 1310 3268 Nor-

190 3314 326 3408 gpppmd
353 3318 557 3364 mannorum
584 3302 681 3364 ducis
710 3301 813 3377 filius,
837 3313 1021 3385 postquam
1047 3312 1178 3385 septem
1207 3307 1308 3367 annis

328 3396 333 3407 '
355 3397 580 3462 Normanniae
593 3400 758 3464 ducatum
774 3410 934 3483 potenter
947 3411 1098 3478 rexerat,
1108 3398 1236 3483 ⁶gratia
1248 3424 1308 3486 pe-

388 3611 395 3642 ¹
409 3616 501 3676 Regem
515 3616 612 3676 Olcp‘um
627 3632 642 3664 a
659 3618 754 3680 regan]
773 3616 814 3666 lle
842 3617 931 3680 llenry
942 3618 985 3668 the
998 3620 1051 3667 first
1058 3632 1112 3667 was
1124 3619 1202 3668 about
1209 3625 1306 3682 twenty

351 3685 469 3733 returned
497 3692 523 3733 to
553 3687 663 3745 Norwuy
687 3686 712 3733 iu
743 3691 815 3745 1000,
840 3703 913 3747 years
931 3689 974 3736 old
997 3694 1023 3736 at
1040 3689 1082 3737 the
1099 3689 1175 3737 death
1199 3690 1228 3738 of
1247 3693 1307 3740 llla-

351 3753 425 3801 when
437 3754 468 3802 he
479 3770 534 3802 was
545 3762 592 3816 pul
603 3762 628 3802 to
639 3755 715 3804 death
728 3756 761 3816 by
772 3755 815 3803 the
839 3758 935 3817 rianus,
947 3759 993 3806 bnt
1003 3759 1047 3805 did
1060 3765 1252 3814 notcommence
1265 3761 1305 3809 his

350 3823 534 3883 Norwegians;
552 3825 619 3873 Flor.
838 3827 909 3887 reign
922 3826 985 3874 until
1000 3830 1072 3875 1100.

386 3889 536 3940 'Marianus
546 3893 653 3956 Scalae]
667 3895 709 3942 llo
721 3894 779 3942 died
789 3899 815 3941 at
873 3896 984 3956 ⁴Cnuto,
1006 3899 1038 3944 od
1056 3896 1203 3960 Argium]
1230 3899 1304 3948 From

350 3961 475 4022 Mayence
501 3963 527 4010 in
551 3966 622 4012 1088.
671 3964 721 4012 llis
743 3963 814 4011 ebro·
839 3964 1153 4025 Florence,udan.1ons.

349 4032 415 4080 nicle
427 4031 489 4080 ends
502 4033 564 4080 witb
576 4033 618 4082 the
630 4047 691 4092 year
705 4037 777 4092 1083,
788 4034 814 4080 in
873 4031 883 4060 ⁶
897 4036 988 4083 Gratia
997 4035 1205 4098 peregrinationis
1215 4036 1307 4084 Hiero·

348 4101 391 4148 the
408 4104 478 4163 reign
496 4102 524 4150 of
538 4103 580 4150 the
599 4117 713 4163 emperor
726 4103 814 4162 Henry
837 4104 972 4168 solymam]
990 4106 1114 4165 Compare
1126 4104 1189 4154 Gul.
1202 4105 1303 4157 Gemet.

348 4170 390 4218 [he
403 4171 495 4220 fourth.
837 4172 869 4220 de
890 4173 1000 4222 ducibus
1017 4175 1105 4223 Norm.
1123 4175 1165 4223 ed.
1178 4174 1304 4237 camden,

382 4236 510 4288 'Heus-ici
537 4239 604 4301 regis
624 4273 653 4288 ..
674 4274 680 4287 .
704 4239 813 4303 primi]
837 4256 863 4301 p.
875 4245 933 4292 048.
