3000 5004
413 433 554 482 rueres
579 435 848 484 ursromsuuu.
1042 422 1108 486 269

154 591 345 668 beratione,
361 597 397 655 et
415 591 523 656 fraeuo
545 593 661 656 soluto
684 591 874 674 pudicitiae,
896 591 1107 674 respondens

152 691 217 767 ait,
242 691 302 754 ‘Si
325 691 408 754 mihi
434 693 529 774 optio
545 692 601 756 vel
625 692 767 755 libertas
784 692 926 755 daretur
945 692 1107 773 eligendi,

155 790 263 853 tilium
290 798 387 855 tuum
416 810 522 873 quarn
547 800 582 856 te
603 791 714 873 magis
735 791 928 873 diligerem,
950 792 1032 873 quia
1049 792 1108 875 ju-

153 889 232 953 nior
261 909 337 954 esse
363 890 523 955 videtur!
574 890 674 953 Tunc
703 909 764 953 rex
788 890 986 971 intelligens
1011 891 1107 955 illam

154 988 336 1070 explendae
360 989 512 1053 libidinis
537 990 728 1072 cupiditate
751 990 904 1065 ductam,
930 990 1108 1071 eleganter

155 1089 345 1171 respoudit,
363 1095 372 1123 ‘
386 1089 424 1152 Si
436 1089 514 1165 me,’
527 1090 652 1171 inquit,
664 1094 674 1123 ‘
685 1088 861 1170 elegisses,
875 1089 981 1152 lilium
993 1108 1107 1153 meum

155 1186 312 1264 haberes,
327 1194 363 1252 et
380 1188 462 1270 quia
483 1188 581 1251 illum
604 1188 751 1269 elegisti,
766 1207 829 1250 nec
851 1207 906 1250 me
927 1207 989 1251 nec
1010 1188 1116 1252 illumv

156 1285 322 1351 habebis!
374 1286 532 1351 Contulit
558 1295 673 1351 tamen
704 1287 755 1350 illi
783 1307 846 1350 rex
876 1295 1017 1369 propter
1042 1289 1107 1352 im·

104 1424 107 1429 -
155 1387 363 1468 probitatem
391 1387 467 1470 ejus
497 1394 533 1450 ct
562 1387 701 1449 nimiam
728 1385 1017 1468 pulchritudinem
1044 1407 1106 1452 uo·

155 1485 224 1549 bile
250 1488 498 1551 monasterium
513 1486 744 1562 foeminarum,
761 1487 796 1548 in
813 1504 882 1568 quo
896 1486 968 1562 illa,
985 1486 1105 1551 habitu

156 1583 314 1667 deposito
343 1585 503 1663 seculari,
536 1585 601 1648 sub
626 1586 740 1667 specie
770 1585 974 1668 hypocrisis,
1006 1586 1107 1649 indua

156 1692 273 1748 mento
289 1686 488 1750 monialium
503 1686 699 1766 adsumpto,
712 1685 899 1748 abbatissae
915 1685 991 1749 vice
1006 1687 1106 1749 annis
1161 1699 1172 1728 ⁵

155 1785 374 1865 paucissimis
405 1784 634 1867 fungebatur3
670 1804 748 1848 nam
772 1803 881 1865 parvo
911 1792 991 1866 post
1020 1793 1107 1849 tem·

155 1903 252 1965 pore,
266 1884 348 1947 dum
363 1904 442 1967 quae
458 1892 581 1948 sancta
598 1891 698 1947 erant
715 1891 966 1961 exsecraretur,
983 1903 1004 1947 a
1021 1904 1107 1967 quo·

156 1983 235 2046 dam
251 1984 399 2066 propriae
414 1975 563 2072 [gentis]
582 1982 725 2064 ignobili
738 1984 812 2046 viro
827 1982 954 2046 dicitur
968 1991 1109 2047 constu-

157 2089 270 2164 prata.
309 2082 492 2147 Mulierem
511 2101 595 2164 ergo
615 2083 651 2144 iu
671 2081 843 2145 adulterio
857 2079 1107 2163 deprehensam

157 2201 220 2245 rex
245 2199 268 2246 a
290 2190 411 2247 sancto
438 2182 646 2246 monasterio
673 2182 801 2263 expelli
826 2183 1003 2263 praecepit,
1029 2202 1108 2264 quee

155 2281 320 2364 deinceps
340 2276 545 2345 ¹miserrime
567 2282 604 2344 iu
629 2287 835 2363 paupertate
852 2285 1008 2364 tempora
1025 2282 1108 2345 vitae

156 2398 230 2444 euee
259 2382 537 2464 vituperabiliter
567 2379 611 2443 ad
649 2380 752 2444 tinem
788 2399 899 2462 usque
935 2381 1109 2463 perduxit.

159 2479 333 2545 Defuncto
355 2482 473 2563 itaque
494 2500 576 2562 rege
594 2480 779 2557 Brithrico,
804 2481 971 2544 successit
988 2481 1020 2543 ei
1039 2481 1111 2564 Eg·

156 2580 277 2644 bertus
287 2580 322 2644 in
338 2600 484 2661 reguum
498 2574 662 2661 ²triginta
676 2599 739 2643 sex
751 2581 864 2654 annis,
873 2581 934 2662 qui
945 2601 989 2644 ex
1002 2581 1111 2663 regali

156 2679 250 2743 illius
268 2680 382 2760 gentis
400 2680 563 2762 prosapia
579 2679 746 2761 originem
764 2680 907 2756 ducena,
923 2680 1034 2744 multa
1048 2700 1111 2762 po·

158 2786 271 2842 tenter
288 2799 396 2860 regna
419 2799 483 2843 suo
504 2778 632 2863 adjecit
654 2778 810 2861 imperio.
863 2779 993 2842 Eodem
1019 2798 1111 2844 anno

157 2877 321 2942 defuncto
336 2872 543 2954 ³Eadberto,
567 2877 800 2942 Londouiensi
822 2878 997 2961 episcopo,
1019 2879 1111 2942 Ead-

157 2967 264 3060 garus
276 2979 454 3042 successit.

337 3148 515 3236 Higbeldus
528 3150 684 3235 episcopm
700 3151 862 3234 defunctus
876 3161 928 3215 est

210 3274 315 3341 Auno
333 3275 476 3340 Domini
493 3290 640 3338 ncccrrr.
651 3274 813 3339 defuncto
827 3274 1018 3357 Higbaldo,
1029 3275 1112 3341 Liu·
1123 3296 1177 3338 ιι).
1187 3299 1233 3336 os.

1123 3348 1232 3387 sumto
1219 3357 1246 3386 ou

1122 3398 1147 3438 ol
1153 3397 1244 3447 bisbope.

196 3519 205 3554 ¹
223 3523 365 3573 Miserrime
386 3525 414 3573 is
439 3527 591 3587 paupertate.
609 3521 621 3583 ]
650 3522 771 3584 probable
782 3521 837 3570 that
847 3521 879 3571 he
890 3521 950 3571 died
961 3522 987 3570 in
996 3527 1058 3585 8³⁰3
1070 3538 1113 3574 see

159 3595 241 3645 asser
256 3593 317 3643 tbus
338 3594 467 3643 describes
490 3592 535 3641 her
559 3595 625 3642 eud:
651 3593 772 3642 Mulmsb.
784 3607 810 3655 p.
822 3596 865 3655 6⁰,
876 3598 930 3641 sote
940 3590 960 3642 ³.

159 3663 219 3712 ‘Ad
230 3664 347 3713 ultimum
364 3678 415 3712 uno
431 3663 533 3712 servulo
550 3664 626 3712 comi·

158 3738 223 3795 tata,
243 3735 311 3783 sicut
332 3748 349 3782 u
371 3733 458 3782 multis
480 3733 626 3782 videntibus
687 3727 852 3800 ’Eodberto.]
874 3732 909 3780 At
921 3731 971 3781 this
981 3733 1042 3782 time
1051 3732 1113 3782 both

159 3818 216 3853 eam
233 3802 388 3864 audirimus,
399 3802 512 3864 quotidie
529 3803 626 3852 ruendi·
651 3801 782 3851 Eadberht
793 3803 842 3851 and
855 3803 959 3864 Eudgur
970 3810 1038 3852 must
1049 3803 1114 3852 bure

159 3888 232 3935 caue,
246 3873 273 3921 iu
286 3873 369 3922 Paria
384 3872 563 3922 miserabiliter
573 3887 626 3922 mo·
651 3871 714 3920 been
732 3872 808 3932 dead,
826 3873 895 3921 since
911 3873 1027 3921 Osmund
1044 3875 1115 3935 signs

160 3943 272 3993 riretur.’
651 3955 680 3988 se
693 3941 782 4002 bisbop
794 3942 823 3990 of
832 3942 935 3991 london
947 3947 973 3990 et
984 3942 1027 3990 the
1038 3956 1115 3991 conn-

195 4010 335 4094 'l'rigistu
357 4005 432 4079 sem]
477 4004 627 4072 Ecgberlrt's
651 4011 684 4058 cil
706 4010 737 4059 ol
752 4012 912 4061 Baeeunceld
931 4013 957 4059 iu
980 4016 1039 4073 798,
1063 4012 1115 4060 aud

159 4081 264 4132 death'
257 4096 280 4131 rs
303 4081 424 4130 recorded
447 4080 891 4143 below,erro-(10veshotneos
907 4081 949 4129 the
962 4081 1116 4142 chronology

162 4152 279 4213 neously,
287 4152 388 4201 inest:
404 4150 447 4199 the
459 4151 521 4199 Sax
533 4149 627 4199 Chron.
651 4148 730 4198 nithe
743 4149 846 4213 brshops
858 4151 888 4200 ol
902 4150 1116 4199 Londonismost

166 4223 255 4285 places
265 4222 322 4271 itm
333 4224 392 4271 886
408 4221 434 4269 lt
445 4234 554 4282 uppem
564 4226 629 4268 most
640 4221 791 4291 uncertain.
