3000 5004
356 444 422 511 376
617 459 752 508 aocnru
776 458 823 506 nn
846 457 1055 506 wnuoovna
1085 430 1088 434 ’

358 620 530 684 hostiliter
556 619 746 693 civitatem,
776 616 903 700 praedis
926 615 1158 698 undequaque
1185 612 1309 677 collec-

359 721 417 795 tis,
440 738 517 781 eam
545 718 718 800 disposuit
748 716 928 780 obsidione
952 714 1106 792 vallare3
1141 712 1203 776 sed
1232 731 1308 776 cum

359 817 498 881 tandem
524 817 629 879 situm
650 816 718 879 loci
747 823 782 878 et
807 815 937 878 moenia
961 814 1114 878 civitatis
1132 811 1234 895 quasi
1260 812 1309 874 in-

359 915 608 999 expugnabilia
617 915 804 997 judicaret,
822 914 1090 976 Baiocaceusem
1104 911 1248 975 divertit
1265 909 1308 973 ad

360 1018 491 1091 urbem,
516 1034 619 1095 quam
644 1014 736 1077 omni
760 1011 941 1075 defensore
963 1029 1110 1074 vacuam
1134 1010 1307 1092 reperiens

359 1116 478 1177 urbem
500 1114 604 1194 cepit,
630 1119 665 1175 et
685 1112 798 1195 spolia
823 1111 896 1173 suis
917 1110 1211 1173 commilitonibus
1240 1107 1309 1171 dis·

360 1212 493 1289 tribuit,
519 1211 595 1295 ejus
628 1210 880 1274 habitatoribus
911 1208 1113 1273 interfectis.
1168 1207 1212 1270 In
1246 1206 1309 1269 bac

359 1314 444 1375 urbe
460 1311 632 1393 quandam
653 1308 803 1392 puellam
826 1328 951 1389 genere
965 1306 1228 1382 nobilissimam,
1248 1324 1308 1368 no·

360 1410 451 1473 mine
470 1410 616 1491 Popam,
636 1407 742 1471 filiam
771 1406 903 1471 scilicet
921 1406 1125 1487 Berengarii
1144 1405 1244 1469 ducis
1269 1403 1310 1467 il·

360 1509 480 1572 lustris
505 1509 570 1572 viri
601 1508 752 1589 rapiens,
787 1525 856 1569 non
884 1506 994 1570 multo
1022 1512 1103 1586 post
1134 1523 1211 1568 eam
1243 1503 1307 1567 sibi

361 1607 579 1671 matrimonio
602 1606 791 1688 copulavit,
812 1625 856 1668 ex
878 1603 940 1668 illa
956 1623 1095 1687 quoque
1114 1603 1225 1666 filium
1247 1621 1307 1665 no-

361 1699 693 1769 mine¹Willelmum
717 1705 838 1785 genuit
859 1710 895 1766 et
917 1703 1022 1767 liliam
1037 1696 1196 1778 ²Gerloc,
1212 1700 1308 1783 puel·

360 1805 430 1867 lam
447 1802 548 1867 valde
570 1803 751 1881 decoram;
777 1803 900 1867 deinde
918 1802 1092 1865 Lutetiam
1110 1800 1310 1864 Ebroicam·

361 1923 429 1984 que
456 1903 559 1964 urbes
585 1920 793 1983 expugnans
824 1902 918 1965 cives
951 1900 1097 1984 peremit
1130 1907 1166 1963 et
1197 1899 1308 1962 maxi·

360 2021 453 2065 mam
475 2001 554 2064 inde
576 2001 730 2082 praedam
758 2000 971 2082 reportavit,
987 2001 1105 2080 sicque
1129 1998 1175 2061 ad
1200 1998 1309 2061 man-

361 2120 480 2164 corum
490 2099 745 2163 infestationem
759 2119 997 2183 prorumpens,
1007 2097 1170 2162 ecclesias
1181 2096 1310 2161 Christi

361 2198 553 2276 succendit,
569 2199 736 2280 populum
756 2198 954 2274 trucidavit,
970 2196 1130 2261 mulieres
1152 2197 1310 2277 captivas

362 2299 523 2361 abduxit.
562 2290 650 2360 ⁸His
668 2298 815 2379 denique
833 2297 959 2360 Franci
976 2296 1232 2360 calamitatibus
1252 2314 1312 2376 op·

362 2397 485 2477 pressi,
502 2398 699 2477 questuosis
713 2396 920 2459 clamoribus
938 2395 1102 2459 Carolum
1118 2413 1236 2475 regem
1252 2393 1313 2456 ad·

363 2502 447 2557 eunt
469 2495 679 2558 unanimiter
701 2503 962 2577 conquerentes,
979 2493 1146 2576 populum
1167 2492 1311 2563 Christi·

363 2612 468 2655 anum
484 2594 528 2655 ob
543 2593 618 2675 ejus
642 2595 802 2657 inertiam
826 2613 1042 2677 paganorum
1058 2592 1312 2656 incursionibus

363 2692 571 2773 deperiisse3
599 2711 745 2772 quorum
768 2713 831 2756 rex
850 2691 1072 2774 querimoniis
1094 2691 1313 2755 vehementer

362 2797 552 2872 permotus,
581 2790 809 2864 Francouem,
834 2787 1151 2871 Rothomagensem
1180 2790 1311 2853 archie-

362 2889 554 2971 piscopum,
576 2890 671 2954 misit
693 2891 736 2953 ad
761 2890 945 2954 Rollouem
968 2891 1148 2966 mandans,
1170 2889 1263 2970 quod
1285 2888 1314 2950 si

364 2986 581 3051 Christianus
596 2987 798 3065 efficeretur,
807 2997 934 3053 terram
947 2989 1155 3052 maritimam
1166 2990 1210 3051 ab
1223 2988 1312 3071 Epte

364 3086 639 3169 flumineusque
665 3087 709 3150 ad
734 3088 926 3152 Britanniae
952 3088 1091 3164 limiteS,
1114 3107 1193 3151 cum
1216 3087 1312 3151 Gilia

363 3184 436 3248 filia
461 3205 538 3263 sua,
564 3205 601 3249 se
626 3185 677 3249 illi
699 3185 772 3249 sore
796 3186 969 3251 daturum.
1021 3184 1312 3269 Archiepiscopus

363 3303 514 3366 quoque,
534 3284 708 3366 legatione
729 3293 902 3369 suscepta,
917 3305 1056 3368 pagano
1072 3286 1152 3348 duci
1174 3305 1236 3367 per
1258 3306 1313 3350 or·

363 3381 477 3445 dinem
500 3384 623 3466 pandit
642 3390 780 3461 cuncta,
804 3384 904 3467 cujus
920 3385 1026 3447 verba
1040 3383 1145 3448 Rollo
1168 3385 1312 3448 consilio

364 3500 505 3544 suorum
523 3490 702 3563 gratanter
719 3484 907 3566 excipiens,
924 3484 980 3547 die
999 3490 1133 3546 statuto
1152 3483 1196 3546 ad
1214 3503 1313 3547 sanc·

364 3586 437 3641 tum
457 3579 596 3643 Clerum
618 3583 840 3658 conveniunt,
862 3601 924 3644 rex
947 3582 1078 3646 scilicet
1100 3582 1312 3645 Francorum

363 3671 459 3739 cum⁴
475 3679 562 3742 duce
581 3679 748 3756 Robcrto,
766 3687 864 3744 trans
889 3680 1014 3763 Eptem
1031 3681 1188 3760 fluvium,
1209 3680 1314 3745 Rollo

398 3866 406 3898 ¹
423 3869 593 3935 Willelmam,]
611 3872 744 3920 sumamed
762 3873 827 3921 Lon-
854 3874 1003 3936 complaints
1020 3889 1063 3923 are
1074 3874 1202 3936 supposed
1214 3879 1240 3924 to
1251 3874 1315 3924 bave

364 3939 497 4001 gaspatha,
507 3940 566 3988 who
582 3942 724 3990 succeeded
738 3943 778 3991 his
790 3943 828 3992 ia·
851 3946 915 3993 been
931 3945 1004 3993 made
1021 3949 1047 3992 to
1058 3944 1166 3994 Cbarles
1183 3943 1208 3993 le
1219 3945 1314 4006 simple

363 4010 427 4058 ther.
850 4015 946 4063 invii.
982 4013 1109 4075 bouquet,
1119 4015 1265 4075 ix.p.257.

398 4076 409 4108 ²
422 4081 530 4143 Carica]
542 4079 670 4140 orAdela,
681 4083 789 4130 married
801 4089 827 4132 to

364 4147 475 4198 Willium
487 4154 563 4198 count
573 4148 601 4198 oi
610 4149 727 4199 Poitiers.
885 4149 895 4182 ⁴
909 4154 971 4200 Cum
987 4153 1046 4201 duce
1063 4146 1192 4220 monta]
1211 4152 1314 4214 notent,

399 4216 472 4268 ³11u
492 4220 593 4283 denique
615 4215 743 4287 Franci]
772 4221 825 4269 The
850 4221 951 4271 brother
960 4222 990 4271 ol
997 4222 1060 4285 king
1072 4222 1167 4272 Eudae.
