3000 5004
349 457 415 520 188
602 466 737 515 nocam
762 467 809 513 nn
831 463 1040 512 wunnovna

352 624 466 687 sestim
489 623 699 703 intelligens,
717 622 800 703 quid
820 622 961 684 deberet
977 639 1081 701 agere
1096 618 1305 696 haesitabam

352 723 468 786 timuit
487 743 571 803 ergo
589 721 693 804 quod,
710 721 874 803 quicquid
891 720 1032 797 faceret,
1055 721 1305 801 omnipotentis

353 822 420 885 Dei
438 821 608 905 judicium
625 820 776 900 effugere
798 839 867 884 non
883 819 1029 895 valeret,
1051 817 1111 881 sed
1133 818 1217 882 licet
1231 826 1305 882 tam

353 921 539 984 terribilem
554 919 754 983 abhorreret
764 919 1008 995 substantiam,
1020 926 1226 981 tamencum
1236 925 1306 982 tre-

353 1039 448 1084 more
465 1039 594 1100 magno
618 1019 714 1082 illam
732 1017 892 1100 sumpsit,
907 1036 987 1098 quae
1005 1024 1114 1081 tantae
1135 1017 1305 1080 amaritu-

353 1118 549 1195 diuiserat,
566 1117 658 1200 quod
675 1117 723 1180 nil
748 1116 791 1180 ad
809 1115 1020 1198 gustandum
1039 1116 1193 1178 amarius
1208 1116 1307 1180 vide-

354 1225 470 1295 retur;
494 1225 529 1281 et
553 1216 684 1293 statim,
701 1214 813 1281 officio
837 1215 1021 1298 completo,
1046 1215 1212 1297 episcopo
1231 1235 1305 1279 rem

354 1325 488 1397 gestam
508 1316 739 1398 perordinem
763 1313 965 1378 declaravit.
1018 1312 1084 1377 Cui
1106 1313 1305 1396 episcopus,

353 1416 484 1480 indicta
500 1415 717 1497 poenitentia,
736 1415 915 1496 praecepit,
929 1421 969 1477 ut
984 1421 1116 1487 castam
1140 1412 1306 1496 deinceps

352 1515 460 1578 vitam
495 1513 615 1578 offerre
644 1514 721 1577 Deo
747 1513 913 1589 studeret,
946 1512 1037 1595 quod
1071 1511 1131 1576 ille
1156 1512 1308 1577 fideliter

352 1615 571 1695 promittens,
585 1612 699 1695 quoad
715 1612 816 1688 vixit,
831 1619 951 1675 votum
967 1610 1135 1693 implevit.

467 1783 556 1863 Quod
569 1804 662 1847 cortes
678 1784 848 1850 (lodwinus
863 1785 898 1849 io
911 1784 1040 1849 acilium
1046 1784 1192 1870 peditur.

403 1906 506 1971 Circa
524 1906 598 1971 dies
621 1907 708 1971 istos
728 1928 843 1972 comes
864 1909 1046 1985 Bononiae,
1064 1902 1306 1989 ¹Eustachius,

262 2007 268 2019 '
352 2007 411 2089 qui
426 2006 563 2071 Godam
582 2009 674 2089 regis
692 2006 877 2070 Eadwnrdi
894 2007 996 2072 duxit
1010 2027 1175 2086 sororem,
1191 2003 1304 2093 'apud

353 2107 528 2171 Doveram
553 2106 733 2189 applicuit,
768 2107 827 2169 ubi
858 2106 984 2170 milites
1009 2107 1098 2191 eJus,
1126 2128 1206 2171 cum
1232 2118 1305 2174 sto-

352 2205 420 2269 lide
434 2207 536 2269 nimis
561 2206 713 2289 hospitia
727 2213 933 2288 quaererent,
949 2226 1055 2269 unum
1073 2207 1117 2271 de
1133 2207 1221 2271 villa
1242 2208 1305 2272 ho·

352 2305 476 2369 minem
504 2312 733 2387 peremerunt,
757 2304 848 2386 quod
866 2305 988 2368 videns
1000 2306 1140 2387 qnidam
1159 2306 1203 2370 de
1219 2307 1305 2372 villa

351 2402 563 2485 indignatus,
587 2405 730 2468 militem
765 2403 864 2467 illum
895 2403 1088 2484 interiecit3
1120 2406 1165 2468 ob
1197 2425 1304 2487 quam

350 2520 490 2565 causam
509 2522 623 2566 comes
640 2510 675 2566 et
690 2502 767 2585 ejus
779 2502 1028 2566 commilitones
1043 2503 1080 2565 in
1093 2504 1181 2566 iram
1198 2507 1305 2583 versi,

351 2594 462 2662 viros³
477 2609 512 2663 et
523 2601 685 2663 mulieres
699 2601 866 2683 plurimos
882 2601 1096 2678 occiderunt,
1111 2603 1172 2666 sed
1186 2610 1224 2667 et
1237 2623 1303 2686 pu-

350 2717 428 2761 eros
456 2716 574 2761 eorum
599 2718 765 2781 equorum
793 2719 933 2763 suorum
956 2700 1102 2783 pedibus
1128 2703 1304 2767 contrive-

351 2803 443 2859 runt.
493 2797 560 2861 Sed
587 2799 645 2861 ubi
668 2799 853 2862 multitudo
881 2799 978 2880 vulgi
1003 2798 1048 2863 ad
1071 2800 1303 2866 resistendum

350 2905 598 2975 convenerunt,
624 2896 741 2962 hostes
764 2899 915 2961 inierunt
940 2898 1070 2979 sugam,
1094 2899 1155 2962 sed
1180 2900 1216 2962 in
1245 2902 1300 2964 fu·

351 2995 477 3077 giendo
493 2989 702 3060 ⁴octodecim
720 3016 765 3060 ex
782 2999 832 3060 eis
848 2998 1048 3079 peremptis,
1063 2999 1181 3062 caeteri
1191 3000 1235 3063 ad
1249 3021 1303 3064 re·

350 3114 428 3176 gem
447 3095 690 3173 Eadwardum,
703 3096 763 3177 qui
784 3103 866 3160 tunc
883 3095 1082 3161 Gloverniee
1099 3105 1186 3174 erat,
1200 3099 1301 3180 iuge·

350 3201 441 3258 runt.
493 3192 543 3258 At
559 3189 693 3259 ⁶comes
708 3193 844 3258 Cantiae
862 3193 1066 3272 Godwinus,
1089 3196 1132 3259 de
1155 3196 1301 3262 homini-

384 3390 392 3423 ¹
408 3390 577 3461 Eustochiae]
590 3396 632 3444 the
643 3395 745 3457 second,
756 3411 812 3445 sur·
836 3396 918 3458 partly
932 3398 1039 3448 without
1049 3398 1100 3446 and
1114 3399 1198 3460 partly
1209 3401 1300 3451 within

348 3464 438 3512 named
461 3464 523 3512 on
546 3465 677 3525 Grenons3
704 3464 736 3513 he
760 3464 811 3513 had
836 3465 878 3514 the
889 3467 950 3528 city,
961 3482 1028 3517 more
1038 3466 1099 3517 than
1111 3473 1224 3532 twent53
1239 3472 1302 3521 Sar.

348 3534 489 3583 succeedcd
517 3533 557 3582 his
586 3533 667 3581 father
688 3535 714 3581 in
738 3538 811 3584 1049.
836 3533 930 3584 chron.

349 3601 390 3663 ay
401 3603 441 3651 his
457 3603 549 3651 second
558 3603 618 3650 wile
639 3603 694 3652 lola
713 3602 745 3651 he
756 3618 811 3652 was
871 3603 881 3631 ⁴
895 3604 1052 3668 Octodecim.]
1063 3605 1072 3634 ‘
1082 3604 1300 3670 Nineteen5’Sa1.

347 3670 390 3721 the
407 3672 489 3721 father
505 3672 534 3719 ol
549 3672 668 3733 Eustace,
679 3672 737 3721 who
754 3687 812 3722 suc·
835 3672 928 3722 Chron.

348 3742 442 3790 needed
464 3741 526 3801 him,
547 3742 597 3789 and
623 3741 737 3803 Godfrey
759 3743 810 3791 and
869 3740 977 3792 ‘comer
1003 3743 1099 3792 canae
1131 3738 1299 3814 emman]

349 3811 477 3869 Boldwin,
488 3810 564 3870 kings
574 3811 604 3858 of
610 3811 762 3860 Jerusalem.
833 3811 887 3861 The
905 3812 989 3862 others
1002 3813 1081 3862 relate
1098 3814 1152 3863 that
1163 3817 1216 3865 earl
1228 3818 1300 3868 God-

382 3877 476 3941 ’Apnd
484 3879 624 3942 Donerunu]
634 3881 757 3941 Compare
767 3881 809 3931 the
834 3883 885 3929 win
897 3896 952 3931 was
968 3883 1073 3931 ordered
1092 3884 1126 3945 by
1138 3884 1181 3934 the
1192 3885 1256 3950 king
1272 3894 1298 3937 to

346 3953 454 3997 account
463 3947 492 3996 oi
506 3947 557 3995 this
574 3949 653 4009 alirey
665 3965 694 3998 ns
714 3952 808 4000 related
834 3952 918 3999 march
934 3957 960 3999 to
971 3951 1058 4001 Dover
1073 3954 1122 4001 and
1140 3968 1237 4017 avenge
1255 3957 1297 4007 the

346 4019 372 4065 in
390 4018 432 4066 the
452 4018 512 4066 Sax.
525 4016 617 4067 chron.
630 4019 662 4067 ad
683 4034 723 4066 an.
736 4024 808 4080 1048,
832 4020 911 4068 insult
931 4021 1025 4069 offered
1052 4027 1078 4070 to
1107 4023 1227 4085 Eustacr,
1251 4027 1298 4075 bot

347 4087 475 4149 Florence,
502 4087 534 4136 ad
571 4102 612 4136 an.
649 4092 723 4149 10⁵1,
758 4090 807 4137 and
831 4089 886 4138 that
904 4090 936 4138 he
953 4090 1071 4150 refused3
1094 4106 1162 4152 upon
1179 4093 1297 4145 whicha

347 4156 515 4219 Malmsbury,
526 4155 539 4220 ξ
552 4160 606 4205 199.
831 4161 930 4208 council
941 4175 996 4208 was
1014 4161 1160 4208 summoned
1176 4168 1204 4210 at
1215 4164 1298 4214 Glou·

381 4224 392 4256 ⁸
408 4228 478 4275 Viros
497 4232 520 4275 et
532 4226 643 4274 mulieres
657 4225 775 4287 plurimos
784 4226 806 4290 ,·]
831 4233 921 4291 cester,
932 4230 982 4278 und
993 4229 1049 4278 that
1060 4230 1172 4280 Godwin
1186 4233 1237 4281 and
1256 4232 1296 4284 his
