3000 5004
462 427 601 477 enonas
625 428 892 477 ursronrsnuu.
1092 413 1157 477 109

201 585 328 662 visum,
342 591 396 648 ter
415 605 479 667 pro
501 585 605 668 culpa
619 586 765 650 tenaciae
782 593 817 648 et
836 585 941 670 hujus
957 585 1155 668 derogatio·

202 685 256 748 nis
285 686 515 766 increpatum,
547 686 639 767 quod
667 706 737 749 non
763 687 950 768 respiceret
972 705 1155 768 pauperes,
1169 701 1295 792 gemm

202 786 307 848 etiam
341 792 467 867 quarto
499 783 709 848 horribiliter
737 785 921 866 increpans
952 793 987 849 et
1014 788 1155 849 commi·
1297 780 1302 790 ’

204 903 304 960 nans,
327 885 494 965 incapite
513 884 695 965 percussit,
713 903 783 965 quo
801 884 860 948 ille
875 885 993 950 dolore
1007 894 1155 951 vexatus

204 984 308 1067 paulo
326 990 407 1066 post
420 984 517 1047 obiit.

459 1159 594 1222 Sanctus
609 1157 804 1242 Accpastiaas
818 1155 903 1221 obiit.

256 1279 360 1346 Anno
383 1282 506 1364 gratiae
531 1298 656 1345 novur.
682 1275 901 1345 ¹Bonilacius
927 1280 1017 1345 sedit
1038 1280 1074 1344 in
1100 1295 1281 1345 cas-ucu-

1171 1346 1226 1395 l’ops
1235 1345 1299 1385 Boul-

204 1380 328 1445 thedra
350 1381 511 1445 Romana
532 1381 706 1445 mensibus
732 1388 811 1445 octo
837 1388 872 1444 et
893 1380 1013 1443 diebus
1032 1381 1157 1461 viginti
1169 1396 1215 1434 rue
1224 1395 1267 1435 111-

206 1500 342 1549 novem.
381 1475 535 1545 ²Eodem
551 1501 642 1545 anno
657 1482 781 1544 beatus
797 1479 1029 1562 Augustinus,
1045 1481 1158 1545 Doro·

206 1581 385 1644 bernensis
400 1580 681 1663 archiepiscopus
698 1580 841 1663 primus,
855 1579 943 1642 diem
961 1579 1157 1644 clausitex·
1170 1591 1289 1682 imile

207 1687 354 1742 tremum
388 1681 535 1762 septimo
567 1679 706 1743 kalend.
738 1678 858 1759 Junii3
891 1677 947 1741 cui
972 1672 1158 1743 ³successit
1190 1652 1245 1692 ψ’
1290 1670 1295 1681 ’

208 1778 430 1856 Laurentius,
453 1780 593 1842 natione
612 1778 804 1855 Romanus,
826 1797 929 1860 quem
951 1777 1025 1860 ipse
1045 1778 1158 1842 adhuc

208 1879 329 1942 vivens
346 1879 580 1955 ordinaverat,
598 1898 641 1941 ne
658 1885 772 1943 status
783 1877 938 1940 ecclesiae
953 1879 1158 1941 tenerrimus
1210 1930 1213 1936 .

208 1978 283 2042 sine
296 1986 435 2060 pastore
445 1978 636 2041 vacillaret.
676 1976 841 2058 Sepultus
854 1983 907 2039 est
924 1983 1039 2039 autem
1051 1977 1159 2060 juxta
1171 1988 1266 2079 met

208 2078 389 2142 ecclesiam
413 2077 648 2159 apostolorum
676 2075 773 2139 Petri
799 2083 834 2139 et
858 2074 973 2151 Pauli,
996 2096 1075 2158 quae
1096 2097 1159 2140 nec

208 2175 289 2239 dnm
313 2176 426 2240 suerat
443 2175 597 2258 perlecta
619 2168 702 2238 ⁴nec
716 2172 887 2250 dedicata,
905 2174 941 2237 in
964 2194 1034 2257 qua
1051 2176 1159 2257 pluri·

207 2296 342 2340 morum
369 2274 705 2359 archiepiscoporum
735 2293 882 2357 corpora
910 2275 1082 2339 tumulata
1111 2275 1161 2338 le-

208 2383 349 2457 guntur.

221 2545 363 2613 Ecclesia
377 2547 521 2613 Romana
534 2555 628 2632 caput
642 2546 778 2611 oresium
793 2545 988 2611 ecclesiarum
1001 2547 1141 2632 effic-itur.

261 2670 365 2736 Anno
383 2672 505 2753 gratiae
521 2688 624 2735 nclx.
633 2665 850 2736 ⁵Bonifacius
864 2672 1007 2754 quintus
1020 2674 1110 2736 sedit
1125 2673 1161 2736 in
1173 2683 1319 2774 ffiffiv·

209 2771 376 2836 cathedra
388 2770 548 2835 Romana
561 2772 661 2833 annis
674 2791 749 2848 sex,
761 2773 936 2835 mensibus
950 2779 1030 2836 octo
1045 2780 1080 2835 et
1089 2773 1161 2835 dic-

212 2872 277 2934 bus
292 2871 485 2946 duodecim,
505 2877 541 2933 et
555 2871 706 2934 cessavit
722 2870 821 2935 sedes
837 2871 1011 2934 mensibus
1027 2879 1159 2952 septem

211 2978 247 3034 et
263 2970 384 3033 diebus
399 2970 687 3052 vigintiquinque
700 2990 709 3048 3
732 2988 839 3054 aquo
859 2976 1005 3052 rogatus
1023 2969 1161 3033 Phocas

211 3070 400 3152 imperator
413 3069 549 3144 statuit,
561 3077 600 3133 ut
618 3069 764 3133 ecclesia
773 3070 935 3134 Romana
951 3076 1043 3132 esset
1054 3076 1161 3150 caput

211 3169 363 3232 omnium
394 3168 615 3231 ecclesiarum
650 3176 685 3232 et
716 3169 905 3249 magistra3
938 3187 1018 3230 nam
1057 3175 1160 3231 antea

210 3267 357 3332 ecclesia
374 3266 762 3348 constantinopolitana
778 3267 924 3348 primam
941 3285 1017 3329 sese
1031 3267 1159 3330 scribe-

246 3456 434 3520 ¹Bcsisscias.]
452 3456 573 3506 Boniface
584 3455 637 3506 111.
649 3456 673 3504 is
732 3452 743 3485 ⁸
762 3455 886 3504 Successit
908 3456 1085 3520 heratius]
1112 3457 1160 3507 See

203 3527 339 3591 supposed
353 3529 388 3589 by
400 3528 467 3589 Psgi
485 3531 511 3575 to
528 3527 593 3577 have
609 3527 673 3576 been
699 3524 780 3585 Beda,
790 3525 804 3588 ὅ
815 3528 856 3575 97.

211 3596 374 3648 consecrated
392 3600 424 3646 1⁹
435 3597 497 3647 Feb.
509 3600 568 3658 6⁰7,
580 3597 630 3646 and
647 3601 673 3645 to
734 3592 744 3622 ⁴
757 3596 809 3644 Nec
824 3595 956 3660 cestrota]
974 3595 1000 3644 It
1017 3610 1073 3645 was
1089 3594 1162 3645 dedi-

209 3667 276 3717 hsve
287 3666 349 3716 died
358 3681 391 3716 on
404 3666 447 3716 the
460 3666 518 3716 loth
531 3667 674 3716 November
699 3665 783 3726 ceted,
793 3666 929 3728 according
940 3672 965 3715 to
975 3666 1070 3728 Thom,
1080 3667 1107 3715 in
1118 3666 1160 3716 the

207 3736 351 3799 following.
699 3748 761 3796 year
771 3739 830 3796 ola,
840 3735 915 3784 when
928 3735 971 3785 the
990 3736 1058 3798 body
1068 3737 1097 3785 os
1105 3737 1161 3785 Au-

700 3805 800 3866 gustius
811 3819 866 3854 was
883 3805 994 3854 interred
1007 3807 1034 3853 in
1045 3806 1087 3854 the
1104 3820 1161 3867 por·

247 3871 445 3938 ’ammon
458 3874 501 3925 Hc
512 3875 534 3924 is
546 3873 674 3936 supposed
699 3874 758 3922 tico.
793 3875 828 3923 X.
839 3875 941 3936 Scriptt.
954 3879 1028 3925 1767.

211 3945 315 3994 tohsre
325 3943 385 3993 died
397 3959 465 4006 upon
476 3945 518 3994 the
529 3945 589 3993 ioth
601 3944 674 4004 May,
734 3941 744 3970 ³
767 3942 911 4003 Bonifscias
940 3944 1072 4007 quista]
1099 3943 1161 3993 This

211 4015 259 4064 but
276 4015 303 4063 in
317 4014 389 4063 what
398 4029 460 4076 year
477 4015 499 4064 is
509 4027 570 4075 very
586 4027 675 4062 uncer-
700 4011 791 4061 should
812 4014 843 4061 be
862 4014 1001 4074 ‘quartus'
1043 4013 1085 4061 He
1102 4013 1160 4062 died

210 4085 274 4135 tain.
310 4085 362 4134 llis
381 4083 458 4134 death
482 4085 505 4133 is
530 4082 621 4145 placed
639 4083 673 4144 by
700 4082 798 4141 tMay
816 4086 874 4132 uis.
911 4082 954 4130 He
973 4096 1028 4131 wss
1050 4080 1092 4130 the
1109 4083 1162 4130 first

212 4155 297 4206 'I'hom
315 4155 342 4203 in
359 4157 418 4204 6⁰5.
452 4153 501 4203 See
519 4153 584 4203 Bed.
602 4152 671 4202 Hist.
699 4165 765 4212 pope
775 4149 834 4199 who
845 4151 909 4199 used
920 4149 963 4199 the
973 4165 1017 4200 era
1027 4149 1057 4199 oi
1066 4150 1109 4200 the
1120 4152 1162 4200 In·

211 4226 353 4288 cosme.
699 4219 1008 4270 csmationinhisdstcs.
