3000 5004
459 437 597 485 enonas
621 436 892 487 ursronranuu.
1092 425 1157 491 155

200 592 300 668 lavit,
330 592 461 657 auxilio
491 595 599 659 fultus
632 595 772 672 Immin,
803 596 913 660 Eabbi
946 605 981 661 et
1014 597 1156 665 Edberti

201 692 340 769 ducum,
366 693 555 777 ejectisque
577 715 599 759 a
621 714 729 776 regno
753 696 964 760 Marciorum
988 699 1156 763 ministris

202 792 324 868 Oswii‚
339 792 425 856 fines
447 813 529 858 suos
552 795 654 858 simul
668 803 704 859 et
721 795 916 860 libertatem
938 807 1154 880 receperunt.

202 891 340 955 Habuit
365 900 482 957 autem
507 902 588 977 post
609 893 810 959 Tonberum
834 896 1016 978 episcopos
1035 891 1155 963 ¹Jaru·

179 1004 294 1068 'mam
323 991 500 1056 Ceaddam
527 1001 563 1057 et
578 993 800 1071 winfridum,
826 995 886 1078 qui
912 1016 975 1079 per
999 997 1154 1063 ordinem

201 1091 237 1155 in
256 1091 389 1156 Mercia
402 1093 590 1176 episcopali
604 1091 717 1157 officio
733 1093 975 1176 fungebantur.

251 1190 357 1256 Anno
392 1193 516 1274 gratiae
550 1209 699 1257 uouvru.
733 1192 927 1271 Kinewalc‚
968 1215 1030 1259 rex
1064 1197 1277 1261 occi-anns.

202 1291 391 1357 dentalium
415 1290 606 1369 Saxonum,
628 1292 810 1357 rebellavit
825 1300 946 1358 contra
965 1293 1154 1360 Britannos
1165 1267 1298 1367 {illidi

203 1392 296 1473 apud
320 1385 511 1471 ²Peunum,
548 1392 609 1457 sed
645 1391 807 1457 Britones
840 1393 990 1476 primum
1018 1393 1154 1477 Anglos

202 1490 456 1572 aliquantulum
489 1492 713 1575 repulerunt;
757 1501 828 1556 tum
863 1491 1027 1557 Britones
1060 1503 1156 1577 post-

202 1590 342 1654 modum
364 1590 516 1673 fatigati,
538 1612 633 1657 more
657 1592 747 1656 ulvis
772 1591 962 1674 liquefacta
985 1602 1040 1659 est
1056 1594 1156 1659 forti·

204 1689 286 1754 tudo
301 1710 432 1768 eorum,
452 1699 488 1756 ot
503 1692 614 1774 fugati
637 1699 720 1755 sunt
743 1710 765 1755 a
783 1691 904 1756 Penno
927 1711 1037 1775 usque
1062 1693 1156 1758 Pen-

202 1790 354 1868 drodant,
372 1798 408 1854 et
423 1790 516 1856 sacta
533 1799 587 1855 est
597 1812 702 1874 super
715 1792 916 1875 progeniem
932 1793 1033 1859 Bruti
1051 1795 1157 1878 plaga

201 1888 405 1954 insanabilis
419 1891 455 1954 in
472 1891 528 1956 die
544 1891 616 1955 illa.

544 2065 705 2152 Buconica
713 2087 815 2152 popa.

262 2186 369 2253 Anno
394 2190 518 2270 gratiae
543 2207 671 2255 ncu1x.
698 2184 895 2272 ³Eugenius
922 2190 1014 2255 sedit
1039 2191 1076 2255 iu
1097 2211 1278 2256 cta-nano.

206 2287 326 2353 thedra
340 2288 503 2353 Romana
522 2292 622 2354 anuis
648 2291 795 2367 duobus,
821 2290 996 2354 mensibus
1020 2263 1278 2369 novcm‚1¹›⁵o'i⁸e‘.¹¹¹⁰⁸

205 2388 324 2452 diebus
341 2389 468 2471 viginti
483 2389 629 2468 duobus,
644 2393 680 2455 et
694 2390 845 2455 cessavit
859 2390 959 2454 sedes
981 2392 1157 2456 mensibus

202 2487 349 2552 duobus.

360 2662 449 2727 Noto
463 2660 652 2726 miraculum
667 2660 822 2727 decemb
837 2662 1000 2747 Dionysio.

256 2785 360 2851 Anno
391 2787 515 2868 gratiae
547 2803 657 2850 ocum
688 2779 904 2851 ⁴Clodovens
938 2807 1001 2852 rex
1030 2806 1156 2870 corpus
1170 2809 1280 2851 anno.

204 2888 297 2951 beati
315 2886 476 2969 Dionysii
493 2885 748 2969 discooperiens
763 2886 887 2969 cupide
909 2895 945 2950 et
968 2889 1081 2950 minus
1104 2907 1158 2950 re·
1170 2859 1263 2902 mm·

206 2987 328 3068 ligiose
355 3006 395 3050 os
422 2985 554 3050 brachii
587 2985 691 3067 fregit
712 2994 749 3051 et
772 2987 899 3069 rapuit,
928 2987 988 3051 sed
1014 3005 1097 3049 mox
1119 2986 1155 3050 in

204 3087 389 3151 amentiam
402 3085 525 3150 incidit
542 3094 719 3150 aetemam.

208 3240 211 3244 ,
256 3184 360 3253 Anno
402 3186 527 3268 gratiae
564 3201 690 3249 ocum.
725 3183 907 3249 Kinewalc
949 3203 1010 3248 rex
1036 3183 1280 3250 west-inni.

204 3305 375 3350 saxtmum
388 3283 570 3350 rebellavit
585 3292 707 3349 contra
717 3282 915 3348 Wlsherum
927 3303 1043 3364 regem
1062 3283 1156 3346 Mer·
1168 3259 1294 3360 imm

204 3385 334 3450 ciorum
348 3405 357 3465 ;
384 3385 445 3449 sed
468 3385 543 3468 ipse
558 3392 704 3468 paterna
719 3383 847 3448 virtute
861 3391 897 3447 et
910 3383 1050 3447 fortuna
1071 3402 1156 3447 usus
1168 3359 1287 3451 iiiam

203 3484 400 3568 praevaluit‚
430 3504 512 3567 rege
542 3504 679 3568 quoque
701 3483 992 3548 West-saxonum
1021 3483 1157 3565 fugato,

240 3670 403 3743 ¹fontanum]
427 3679 470 3729 He
487 3679 547 3728 died
567 3680 593 3728 ln
608 3683 667 3741 out,
728 3675 881 3738 'Penneml
903 3678 969 3741 Peu,
980 3678 1006 3727 in
1021 3678 1157 3727 Someraet·

203 3752 276 3802 Cedd
295 3753 321 3801 lu
338 3755 397 3812 eta,
413 3749 464 3798 and
484 3748 595 3798 Wiusrid
612 3763 666 3798 was
693 3747 768 3797 chire.

203 3822 316 3885 deposed
336 3820 400 3870 l'rom
421 3819 463 3869 bin
484 3818 613 3881 biebopric
632 3819 667 3879 by
727 3816 898 3883 Ἐφραίμ]
917 3818 959 3867 He
976 3817 1037 3866 died
1054 3817 1158 3867 accord·

202 3892 333 3943 Theodora
350 3889 502 3952 archbiebop
517 3889 547 3938 oi
563 3888 666 3939 canter·
692 3889 736 3950 ing
746 3893 772 3937 to
785 3888 852 3951 Pagi
863 3903 895 3936 on
907 3892 920 3936 l
930 3889 1063 3938 lunensi.
1081 3888 1157 3936 Wen·

203 3964 277 4025 bury,
294 3961 430 4024 according
449 3963 476 4008 lo
493 3960 624 4019 Florence‚
641 3959 667 4006 in
693 3957 771 4006 dover
783 3957 839 4006 bae
860 3957 978 4007 followed
1000 3958 1116 4020 Sigebert
1131 3957 1158 4005 in

204 4038 271 4093 6⁷⁵3
288 4034 334 4081 but
352 4031 387 4092 by
404 4030 548 4079 Wendover
566 4028 607 4076 hie
624 4029 668 4077 de·
694 4028 796 4090 placing
819 4028 859 4076 bie
881 4029 1026 4078 succeseion
1054 4028 1080 4075 iu
1107 4026 1158 4075 thie

205 4104 312 4165 poeition
334 4103 358 4150 ie
379 4099 470 4163 placed
493 4101 519 4148 in
540 4099 584 4148 tho
608 4113 670 4160 year
694 4113 764 4159 year.

202 4173 349 4236 preceding.
393 4171 441 4220 See
461 4170 539 4234 Augl.
562 4170 632 4219 Sacr.
650 4169 668 4218 i.
729 4165 965 4231 wlodoweium]
982 4168 1016 4217 So
1035 4166 1159 4229 Sigebert,

203 4247 299 4305 ΜΝ).
696 4238 781 4287 adan.
