3000 5004
346 435 390 498 40
603 450 737 497 uocum
760 450 807 496 nn
831 447 1038 496 wunnovun

348 627 426 670 cum
453 607 511 668 diu
544 614 579 670 et
603 607 728 670 acriter
752 623 905 687 pugnam
930 601 1194 679 commisissent,
1222 600 1299 664 Elle

349 726 426 769 cum
460 706 539 768 filiis
572 706 657 782 suis,
684 725 752 769 non
786 705 861 767 sine
887 700 1068 785 dispendio
1103 701 1300 777 Britonum,

350 824 509 887 campum
524 804 685 868 deseruit.
739 803 840 867 Misit
861 803 968 884 igitur
990 800 1067 865 Elle
1088 801 1125 863 in
1148 801 1297 883 petriam

350 923 451 967 suem
465 912 607 986 propter
622 902 787 986 majorem
802 902 937 985 copiam
956 906 1180 965 armatorum.

719 1073 814 1139 Folle
822 1094 922 1158 popu.

189 1217 299 1257 snm.
401 1198 505 1263 Anno
521 1199 645 1283 gratiae
668 1191 1058 1262 ccccuxxxv1.¹Felix
1073 1196 1163 1260 sedit
1184 1197 1220 1259 in
1242 1214 1302 1259 ce-

190 1268 288 1309 ΡΜ
351 1297 474 1362 thedra
499 1299 658 1364 Romana
688 1298 789 1361 annis
816 1303 908 1372 octo,
930 1296 1106 1360 mensibus
1129 1295 1300 1372 undecim,

351 1396 472 1462 diebus
502 1398 748 1482 septendecim,
782 1404 819 1461 et
859 1396 1010 1460 cessavit
1045 1395 1143 1459 sedes
1178 1394 1300 1458 diebus

351 1517 516 1580 quinque.

399 1670 548 1735 Aurelios
562 1670 696 1734 Socones
710 1637 900 1854 affluam
908 1688 1081 1754 provocans
1095 1666 1257 1731 mnodum

807 1779 855 1833 tus
868 1778 920 1833 ost.

192 1912 301 1952 snm.
402 1891 506 1956 Anno
531 1893 653 1974 grutiae
680 1908 946 1957 ccccnxxxvrr.
964 1890 1129 1957 Aurelius
1151 1888 1301 1955 Ambro-

191 1963 340 2002 Northernex·
374 1992 381 2006 .

191 2011 324 2102 mm
353 2010 437 2068 sius,
477 1992 629 2055 maximo
666 1992 849 2056 Britonum
884 1991 1105 2056 multitudine
1142 1989 1302 2068 collecto,

354 2090 511 2155 Saxones
526 2091 569 2155 nd
584 2110 737 2174 pugnam
750 2109 940 2173 provocare
956 2090 1136 2172 disposuit.
1189 2089 1301 2154 Exer-

353 2191 459 2255 citum
483 2192 603 2274 itsque
632 2210 734 2253 suum
754 2184 892 2253 ²versus
917 2190 1115 2272 aquilonem
1134 2188 1300 2271 dirigens,

355 2289 565 2371 Hengistum
581 2310 658 2354 cum
675 2290 748 2352 suis
765 2288 965 2352 Saxonibus
987 2295 1083 2352 trans
1102 2286 1299 2352 Humbrum

353 2389 497 2469 invenit.
555 2388 748 2470 chgistus
770 2409 853 2453 vero
875 2408 954 2465 cum
978 2387 1164 2451 adventum
1189 2389 1300 2472 ipsius

354 2489 590 2570 comperisset,
618 2489 772 2570 perrexit
791 2488 957 2552 audacter
975 2487 1009 2550 in
1036 2487 1184 2564 obvium,
1207 2488 1300 2552 etin

193 2604 296 2644 melreo
354 2605 488 2668 campo,
504 2587 563 2668 qui
578 2585 739 2650 Maisbeli
748 2589 950 2664 vocabatur,
965 2606 1034 2669 quo
1046 2585 1210 2650 Aurelius
1224 2595 1300 2651 erat

192 2656 300 2705 m*
355 2687 574 2762 transiturus,
590 2687 743 2750 subitum
760 2695 865 2769 atque
879 2686 1045 2751 furtivum
1066 2686 1232 2768 impetum
1247 2686 1300 2750 sa·

354 2804 431 2848 cere
448 2785 626 2861 affectans,
642 2786 804 2849 Britones
822 2806 890 2850 non
904 2784 1161 2868 praemeditatos
1182 2785 1301 2867 dispo·

353 2884 424 2947 suit
457 2903 647 2966 occupare3
682 2885 774 2967 quod
804 2894 919 2949 tamen
943 2883 1125 2948 Aurelium
1152 2903 1221 2948 non
1248 2884 1301 2948 la·

353 2984 433 3060 tuit,
450 3004 513 3048 nec
535 2984 663 3048 idcirco
685 3004 843 3066 campum
861 2983 998 3049 distulit
1013 2984 1119 3048 adire.
1172 2982 1300 3066 Dispo-

352 3083 429 3147 sitis
442 3084 579 3148 tandcm
604 3084 640 3146 in
664 3091 809 3164 utraque
828 3090 928 3166 porte
946 3085 1107 3162 catervis,
1122 3083 1302 3165 congredi·

353 3191 460 3247 untur
474 3184 578 3259 acies,
593 3202 819 3265 cruoremque
833 3202 902 3246 non
925 3184 1102 3247 minimum
1117 3181 1300 3265 utrobique

352 3282 572 3361 diffundunt;
602 3281 681 3345 hinc
706 3282 881 3359 Britoncs‚
906 3282 1002 3346 illinc
1031 3282 1201 3359 Saxones,
1224 3281 1301 3346 vui·

353 3384 464 3445 nernti
492 3382 694 3445 moriuntur.
749 3381 896 3444 Domum
926 3400 1064 3462 quoque
1090 3399 1169 3444 cum
1201 3379 1300 3443 Hen-

353 3481 466 3561 gistus
482 3481 595 3545 socios
619 3500 702 3544 suos
722 3481 943 3544 succumbere
968 3479 1056 3543 vidit
1072 3480 1301 3563 Britonesque
1353 3500 1356 3505 ·

386 3730 504 3791 'Felix.]
525 3732 596 3781 Felix
618 3733 656 3782 ΙΙ.
692 3733 735 3782 He
753 3733 813 3783 died
839 3735 972 3786 Chronicle
995 3737 1017 3785 is
1044 3737 1184 3799 altogether
1209 3736 1302 3798 silent;

352 3806 384 3851 24
397 3803 458 3851 Feb.
469 3806 526 3851 492.
838 3806 888 3854 end
908 3807 1041 3855 Munianus
1052 3807 1142 3856 Scotus
1160 3806 1209 3856 sud
1229 3807 1301 3858 Will.

387 3869 502 3920 'Versus
522 3865 678 3938 aquilonem]
700 3871 754 3920 'lire
771 3887 813 3922 sc·
839 3875 998 3937 Mslmsbury
1015 3891 1082 3926 soem
1102 3883 1127 3925 to
1148 3877 1227 3938 imply
1244 3877 1301 3926 that

351 3946 427 3990 count
437 3941 466 3990 ol'
473 3941 524 3990 this
535 3941 650 3990 northern
658 3942 813 4003 expedition,
839 3944 954 4008 llengest
960 3946 1019 3996 died
1031 3962 1048 3996 ι
1057 3947 1156 3996 natural
1164 3946 1251 4008 death,
1259 3962 1302 3998 en·

350 4011 413 4060 with
424 4011 467 4061 the
478 4026 609 4061 successes
620 4011 648 4059 ol
653 4012 812 4073 Ambrosius,
837 4016 941 4078 cording
963 4021 990 4066 to
1017 4017 1060 4066 the
1088 4017 1163 4066 latter
1189 4018 1215 4065 in
1240 4021 1301 4079 488,

350 4083 400 4130 and
411 4083 453 4131 the
471 4081 547 4130 death
559 4082 589 4130 of
602 4081 725 4143 sergent,
736 4082 812 4131 Wen-
836 4085 984 4147 thirty-nino
1003 4102 1077 4147 years
1099 4086 1164 4136 nster
1184 4086 1225 4135 his
1247 4088 1301 4136 tirst

349 4151 427 4201 dover
437 4153 483 4201 has
494 4153 570 4201 taken
582 4151 643 4200 from
656 4152 774 4213 Geollrcy
786 4154 815 4202 os
837 4156 928 4205 arrival
952 4157 977 4203 iu
999 4157 1106 4206 Britain.
1143 4155 1188 4204 See
1205 4156 1300 4218 Spoed,

351 4222 507 4272 ltlonnroutlr.
544 4222 619 4284 Upon
635 4224 655 4271 it
672 4223 714 4271 the
726 4224 811 4273 Suxon
823 4238 826 4261 ¹
837 4224 930 4275 Chion.
943 4229 1017 4285 1611,
1027 4240 1054 4287 p.
1065 4230 1122 4275 2111.
