3000 5004
466 419 606 467 rconns
630 418 898 469 ursronmnun.
1092 409 1157 471 117

202 578 299 659 pavit
322 585 432 641 totam
451 578 657 660 AEgyptum,
673 587 708 641 et
725 576 990 656 Alexandriam,
1007 578 1154 661 Libyam

201 685 307 760 atque
343 675 603 758 Carthaginem,
638 685 677 740 ut
704 678 760 741 vel
790 678 840 740 sic
872 677 1075 742 Heraclium
1109 679 1153 742 ad

202 776 359 859 praelium
382 784 609 859 provocaret;
642 776 686 838 ad
712 796 814 859 quem
837 777 931 841 misit
955 776 1153 854 HeracliuS,

204 895 332 957 rogans
360 884 401 939 ut
431 876 577 957 inceptis
602 874 796 952 desisteret,
824 877 917 958 quod
951 876 1011 939 ille
1040 875 1153 941 facere

202 983 438 1051 contemnens,
456 975 597 1039 nuntios
619 975 839 1057 imperatoris
861 975 1078 1039 contumeliis
1101 975 1152 1039 as-

207 1074 299 1138 fecit.

252 1171 356 1236 Anno
367 1173 491 1254 gratiae
503 1189 634 1236 ncxrrr.
648 1171 835 1236 Heraclius
846 1171 1035 1255 imperator
1045 1173 1153 1237 filium
1166 1192 1220 1231 nn.
1230 1194 1275 1232 err.

202 1270 470 1336 Constantinum
494 1273 590 1353 regio
605 1272 799 1336 diademate
817 1271 1011 1353 insignivit,
1026 1279 1062 1336 et
1077 1271 1152 1336 Au·

202 1378 343 1453 gustum
357 1372 559 1454 appellavit.

200 1545 368 1612 Heraclius
390 1545 558 1629 imperator
583 1543 748 1608 Cordroam
773 1541 847 1609 bello
877 1544 961 1621 eicit,
989 1553 1017 1609 et
1038 1543 1156 1631 lippum

372 1644 504 1708 Domini
518 1645 552 1707 in
568 1643 796 1727 Hierosolyma
809 1644 988 1729 reportavit.

254 1765 360 1831 Anno
376 1768 500 1849 gratiae
516 1784 633 1831 ncxx.
651 1767 840 1850 imperator
855 1766 1041 1832 Heraclius
1064 1788 1155 1832 anno
1168 1790 1223 1830 ec.
1233 1791 1277 1829 eo.

204 1864 338 1948 imperii
363 1867 417 1930 sui
438 1867 584 1943 decimo,
601 1867 748 1930 collecta
762 1876 972 1931 armatorum
997 1869 1155 1931 multitu·

205 1965 296 2043 dine,
323 1966 489 2029 adversus
514 1965 704 2030 Cosdroam
731 1967 841 2030 movit
867 1968 934 2031 iter
963 1966 1076 2030 serens
1101 1987 1156 2030 sc-

206 2084 285 2128 cum
315 2072 447 2128 sanctae
476 2065 544 2129 Dei
573 2064 749 2147 genitricis
778 2066 923 2142 iconem,
951 2085 1030 2147 quae
1062 2066 1154 2148 apud

207 2163 416 2247 Byzantium
430 2171 495 2240 est,
509 2184 579 2227 non
596 2163 745 2227 hominis
759 2184 864 2227 manu
881 2164 941 2227 sed
959 2166 1076 2229 divino
1091 2165 1154 2227 mi·
1167 2187 1240 2234 caeru
1241 2185 1289 2225 aar

205 2263 326 2326 raculo
360 2263 501 2346 pictam.
559 2262 717 2345 Cumque
745 2264 961 2345 pervenisset
993 2263 1036 2327 ad
1069 2196 1268 2328 lines'’'nqeue
1234 2235 1299 2275 ΜΠ
1285 2244 1317 2274 '¹⁸'

205 2362 358 2426 civitatis
377 2361 559 2438 Gozorem,
578 2361 759 2426 Cosdroa
750 2382 785 2425 m
800 2363 917 2444 fugam
928 2382 1049 2427 versus
1062 2382 1155 2427 com-

204 2461 315 2526 bussit
329 2461 446 2524 omnia
463 2468 542 2525 sata
557 2481 619 2543 per
638 2481 717 2544 quae
731 2460 906 2543 fugiebat3
930 2461 1053 2526 deinde
1073 2481 1155 2526 con-

205 2561 321 2625 stituit
345 2561 518 2643 principes
540 2560 672 2624 militiae
696 2578 768 2624 suae
794 2561 973 2643 plurimos
998 2563 1058 2644 qui
1082 2561 1157 2624 He-

205 2659 349 2724 raclium
378 2659 601 2736 debellarent,
615 2660 696 2722 dum
713 2659 787 2741 ipse
806 2661 849 2724 de
873 2660 951 2725 loco
974 2662 1018 2724 ad
1042 2662 1156 2726 locum
1209 2660 1212 2664 '

206 2758 343 2841 fugeret
362 2777 384 2822 a
404 2757 491 2821 facie
516 2758 754 2840 imperatoris3
778 2760 838 2823 sed
867 2759 1066 2836 HeracliuS,
1087 2761 1157 2825 ico-

207 2859 262 2921 nis
279 2858 348 2921 Dei
364 2858 542 2939 genitricis
558 2857 665 2921 sultus
691 2859 835 2935 auxilio,
850 2878 969 2922 omnes
992 2858 1156 2923 adversa·

207 2957 278 3021 rios
293 2976 376 3021 suos
398 2958 435 3020 in
460 2957 551 3020 bello
575 2957 719 3039 peremit
735 2965 797 3020 aut
813 2959 960 3039 turpiter
979 2958 1015 3020 in
1037 2956 1156 3039 sugam

206 3057 343 3138 coegit3
371 3055 527 3121 Cosdroa
543 3057 683 3119 tandem
700 3057 736 3118 in
752 3056 915 3136 fugiendo
930 3064 1054 3138 captus
1071 3058 1156 3119 etin

208 3174 381 3221 carcerem
403 3163 522 3219 trusus
546 3155 590 3218 ad
616 3163 809 3219 extremum
835 3163 947 3219 morte
974 3155 1157 3236 impiorum

208 3254 344 3319 defecit.
390 3253 531 3318 Potitus
540 3253 687 3318 victoria
701 3255 890 3337 imperator
906 3254 1072 3318 militibus
1086 3255 1158 3317 suis

209 3354 354 3437 praemia
375 3353 484 3417 tantis
516 3353 689 3435 condigna
716 3353 893 3416 laboribus
927 3353 1096 3434 erogavit,
1124 3362 1160 3417 et

208 3452 381 3517 modicum
398 3460 573 3516 recreatus
591 3446 739 3516 'revexit
760 3451 1024 3535 Hierosolymas
1040 3452 1161 3516 Domi-

209 3553 297 3615 nicae
320 3552 432 3615 crucis
454 3552 598 3634 lignum,
615 3551 782 3634 plurimas
798 3552 876 3616 Deo
898 3572 960 3633 pro
982 3560 1081 3616 tanto
1100 3553 1159 3615 tri·

208 3650 338 3733 umpho
364 3649 517 3714 reserens
542 3652 687 3731 gratias,
704 3650 900 3736 lachrymas
923 3650 1161 3734 profundendo

207 3751 363 3815 devotas.

212 3994 387 4118 ιῧὲὕὶίιευιξγιῖ3
402 3998 605 4064 Hierosolyma]
628 4000 675 4050 See
692 4001 852 4065 Theophanis
867 4003 1058 4066 chronograph.
1081 4003 1167 4063 Puris,

279 4101 288 4131 r
300 4083 326 4130 1³·
389 4107 396 4120 ·
