3000 5004
466 403 604 451 eronus
628 400 897 451 nrs‘ronrnuuu.
1091 387 1157 451 217

202 561 291 625 idem
308 559 562 642 Atbelbardus]
579 561 750 643 pugnavit
764 569 886 624 contra
893 560 1058 644 juvenem
1072 554 1156 624 ¹0s·

201 660 364 737 waldum,
386 661 430 724 de
456 661 553 742 regia
570 661 678 741 stirpe
706 679 826 740 regum
851 659 1154 736 west-saxonum,

202 780 345 841 regnum
368 761 435 823 sibi
456 760 646 844 subjugare
663 766 865 837 conantem3
900 759 960 821 sed
976 779 1055 822 cum
1071 760 1153 823 viri-

202 861 267 923 bus
294 859 386 940 regis
419 879 457 922 se
484 861 651 941 imparem
679 858 913 939 cognovisset,
930 858 1071 941 juvenis
1095 859 1155 922 ille

202 957 404 1040 perfugam
427 959 579 1040 elapsus,
603 956 818 1021 Athelbardo
841 976 986 1037 regnum
1008 959 1044 1021 in
1068 977 1154 1039 pace

201 1057 352 1139 reliquit.
404 1117 409 1125 .

388 1204 438 1267 Do
452 1204 585 1289 quodum
592 1204 703 1288 fratre
717 1203 797 1267 uculo
816 1203 982 1288 defuncto(

254 1327 360 1392 Anno
374 1329 498 1410 gratiae
510 1345 716 1391 nccxxvnr.
734 1320 845 1408 ²papa
856 1324 1059 1406 Gregorius,
1075 1345 1153 1390 cum
1166 1350 1221 1390 nn.
1232 1348 1276 1390 nr.

204 1427 355 1491 Leonem
378 1429 621 1509 imperatorem
645 1425 911 1507 incorrigibilem
934 1425 1153 1503 advertisset,

205 1525 367 1603 Romam,
386 1526 539 1603 Italiam,
562 1525 783 1607 Hispaniam,
806 1526 849 1588 ab
873 1523 949 1606 ejus
969 1524 1050 1607 jure
1072 1526 1153 1588 sub-

203 1626 325 1702 traxit,
342 1633 378 1688 et
390 1625 577 1706 vectigalia
591 1625 657 1705 ipsi
672 1624 768 1688 reddi
781 1622 973 1687 interdixit.
1005 1617 1154 1688 ³Eodem
1168 1614 1249 1687 nuos.

205 1731 358 1806 tempore
390 1723 496 1787 irater
520 1723 673 1805 quidam,
703 1743 805 1805 quem
829 1723 1007 1786 nominare
1035 1743 1155 1804 super·

203 1824 319 1899 sedeo,
345 1822 380 1885 in
410 1823 517 1886 nobili
546 1824 755 1886 monasterio
783 1822 929 1904 posius,
957 1822 1156 1903 ignobiliter

204 1920 294 1985 inter
312 1921 437 1985 fratres
458 1921 570 1999 vixit3
605 1922 854 2004 corripiebatur
875 1920 1012 2001 quidem
1034 1920 1155 1995 sedulo

205 2040 227 2084 a
241 2020 404 2084 iratribus
422 2040 462 2084 ac
477 2020 667 2102 majoribus
682 2020 761 2097 loci,
776 2028 881 2101 atque
897 2019 941 2082 ad
956 2021 1064 2084 vitum
1077 2039 1154 2085 cas·

205 2120 402 2201 tigatiorem
429 2121 634 2183 monebatur
656 2119 823 2195 converti,
849 2126 884 2181 et
908 2120 1067 2200 quamvis
1094 2139 1154 2183 eos

205 2219 325 2283 audire
341 2218 521 2295 noluisset,
537 2219 750 2283 tolerabatur
765 2226 880 2281 tumen
903 2219 947 2281 ab
965 2219 1015 2281 eis
1032 2219 1076 2281 ob
1093 2238 1153 2281 ne·

206 2319 403 2381 cessitatem
427 2337 570 2399 operum
595 2318 716 2398 ipsius,
742 2325 781 2381 ut
804 2317 862 2398 qui
885 2316 921 2379 in
943 2324 1018 2380 arte
1040 2316 1155 2381 fabrili

207 2416 320 2481 suerat
352 2417 560 2498 singularis3
587 2418 761 2480 serviebat
783 2416 873 2478 enim
898 2416 1045 2480 multum
1068 2418 1156 2480 ebri-

207 2517 291 2598 etati
317 2534 358 2578 ac
382 2517 517 2580 caeteris
537 2516 619 2579 vitae
644 2515 848 2579 remissioris
874 2514 1055 2592 illecabris
1075 2515 1156 2579 dum

206 2615 319 2698 magis
333 2616 368 2677 in
386 2614 523 2678 officina
538 2633 602 2677 sua
619 2615 673 2678 die
689 2622 863 2695 noctuque
878 2614 1038 2692 residere,
1053 2634 1156 2695 quam

204 2714 248 2777 ad
272 2714 489 2796 psallendum
505 2713 561 2777 vel
578 2713 745 2777 orandum
764 2715 799 2776 in
821 2713 979 2790 ecclesia,
997 2721 1059 2777 aut
1073 2715 1156 2778 vitae

206 2813 348 2876 verbum
361 2813 476 2895 ‚vellet
503 2812 634 2876 audire.
686 2812 842 2875 Tandem
867 2812 1035 2894 languore
1058 2814 1157 2893 gravi

204 2931 401 2993 percussus,
426 2920 531 2993 atque
557 2912 600 2974 ad
628 2918 785 2974 extrema
809 2911 1007 2992 perductus,
1032 2910 1156 2975 iratres

204 3011 345 3075 vocavit
361 3018 396 3074 et
414 3011 582 3087 narravit,
600 3009 692 3093 qnod
710 3010 840 3074 videret
863 3010 1034 3073 infernum
1055 3028 1155 3091 aper-

206 3116 279 3172 tum
303 3116 339 3172 et
360 3108 490 3173 Sathan
517 3110 553 3171 in
582 3109 762 3190 profundis
791 3110 914 3173 tartari
941 3108 1154 3186 demersum3

205 3206 374 3289 Caipham
407 3227 544 3290 quoque
574 3228 652 3271 cum
682 3208 829 3291 certeris,
863 3209 922 3288 qni
960 3206 1156 3271 occiderant

206 3307 391 3371 Dominum
410 3307 518 3390 juxta
540 3326 617 3370 eum
644 3305 791 3369 flammis
813 3306 992 3369 ultricibus
1018 3314 1156 3369 contra-

203 3406 327 3483 ditum,
350 3407 408 3469 ‘in
426 3425 573 3487 quorum
585 3406 736 3482 vicinia,'
752 3405 877 3486 inquit,
895 3404 981 3467 ‘beu
998 3404 1081 3467 mibi
1092 3407 1156 3469 mi·

204 3506 300 3568 sero!
316 3505 429 3568 locum
446 3505 577 3586 aspicio
593 3513 732 3568 aetemae
750 3503 980 3567 damnationis
997 3523 1082 3586 esse
1095 3523 1157 3585 pa·

204 3601 340 3667 ratum!
391 3603 583 3668 Audientes
604 3612 720 3667 antem
744 3603 817 3666 baec
833 3601 958 3666 fratres
976 3612 1156 3684 coeperunt

238 3825 245 3855 ¹
267 3827 428 3890 Orrouldemss
457 3827 540 3876 called
568 3829 594 3876 in
622 3827 665 3876 the
701 3870 704 3875 .
731 3824 843 3876 'Eodem
860 3823 985 3945 tempora}
1002 3828 1065 3877 This
1075 3829 1157 3877 vision

202 3898 286 3946 Saxon
301 3896 396 3946 Chron.
415 3897 539 3945 ‘Oswnld
558 3897 601 3946 the
614 3899 667 3946 Ae·
693 3897 716 3945 ia
736 3898 857 3945 recorded
875 3899 909 3958 by
926 3898 964 3945 Be
983 3912 1000 3946 a
1016 3913 1045 3946 ue
1064 3898 1157 3959 having

203 3961 361 4030 theling‚‘od
372 3971 484 4016 amitti.
693 3968 820 4027 appeared
845 3973 870 4014 to
896 3982 943 4016 one
965 3966 1048 4015 whom
1079 3966 1157 4015 ‘novi

237 4032 330 4099 ²Popd
343 4035 501 4098 Gregorius]
514 4036 556 4084 the
565 4035 666 4084 second.
693 4036 758 4096 ipse,
772 4051 847 4097 quern
865 4038 961 4085 utinam
973 4051 1022 4085 non
1034 4050 1130 4085 nossem
1141 4030 1156 4094 ς’

202 4105 276 4153 From
293 4105 463 4167 Sigebertad
479 4119 521 4155 an.
557 4106 605 4154 See
619 4105 668 4154 Ba·
695 4105 764 4154 Hist.
777 4106 940 4167 Ecel.§roo.

203 4181 257 4240 ron.
269 4174 364 4223 Annal.
375 4175 408 4224 ud
421 4189 462 4223 an.
474 4178 532 4224 730.
