2932 4980
529 440 574 503 96
785 453 919 502 noorai
945 453 991 499 nn
1015 452 1222 501 wssnouna

530 612 610 674 tari.
663 610 790 674 Eodem
814 629 906 674 anno
924 603 1016 672 ¹Elia
1040 628 1103 672 rex
1128 607 1315 672 Deirorum
1338 606 1457 673 defun

368 724 497 783 ΔΝΜ
530 720 587 773 tus
609 719 675 786 est,
700 729 770 791 quo
794 718 942 783 mortuo,
969 707 1182 771 Ethellridus
1207 726 1271 771 rex
1300 706 1420 771 Berni
1464 739 1466 764 .

369 774 485 861 lmus
531 829 617 883 rum,
633 808 740 871 filium
754 809 829 891 ejus
846 807 1049 870 Eadwinnm
1064 826 1172 887 regno
1192 804 1382 887 expellens
1419 816 1463 864 t„

369 872 421 911 ἡ
531 927 658 981 rorum,
683 908 752 970 duo
782 926 891 987 regna
921 905 1159 968 strenuissime
1179 904 1430 986 gubernavit3

532 1004 730 1080 hludwinus,
740 1006 775 1067 in
785 1005 928 1068 exilium
943 1004 1077 1085 pulsus,
1092 1002 1249 1067 exulavit
1262 1021 1346 1065 cnm
1382 1012 1388 1029 '
1415 1033 1441 1058 n
1460 1033 1463 1056 ι

530 1103 655 1179 waldo,
673 1123 753 1184 rege
767 1103 986 1167 orientalium
997 1099 1205 1183 Anglornm,
1218 1120 1412 1183 quousque
1440 1132 1444 1156 ·
1462 1133 1466 1156 t

530 1202 626 1265 illum
641 1222 748 1283 regno
763 1221 826 1266 suo
842 1194 1042 1264 ’restitutus
1058 1209 1124 1264 est.

684 1374 801 1436 Tunica
820 1372 1012 1435 inconsutilis
1026 1372 1157 1435 Domini
1173 1372 1343 1434 inmittit.

579 1497 684 1562 Anno
701 1500 824 1579 gratiae
843 1514 968 1560 nxciv.
983 1497 1101 1559 tunica
1118 1496 1259 1559 Domini
1273 1494 1430 1561 Salvato
1450 1498 1459 1511 ⁶

458 1588 464 1597 ’
530 1599 565 1660 in
582 1599 723 1661 civitate
739 1596 876 1677 Zaphat
892 1615 959 1658 non
977 1595 1080 1675 longe
1096 1595 1140 1658 ab
1159 1593 1387 1658 Hierusalem
1403 1614 1460 1659 cot

530 1696 679 1758 fossione
706 1695 875 1758 Simeonis
890 1694 912 1756 J
916 1693 1006 1756 udaei
1031 1694 1185 1768 inventa,
1200 1700 1236 1755 et
1252 1692 1299 1754 ab
1315 1693 1456 1775 episcm

532 1793 703 1875 Gregorio
718 1792 936 1856 Antiocheno
958 1801 992 1855 et
1009 1791 1181 1874 episcopis
1194 1790 1335 1854 Thoma
1351 1788 1430 1856 Hie
1456 1823 1460 1846 ·

530 1893 738 1974 solymitano
756 1911 796 1954 ac
813 1891 835 1953 J
838 1891 973 1954 ohanne
988 1888 1382 1971 Constantinopolitano
1398 1890 1462 1955 Hi

532 1990 713 2073 rosolymis
735 1992 772 2054 in
804 1989 893 2066 loco,
921 1989 979 2051 ubi
1009 2008 1095 2052 crux
1121 1987 1253 2051 Christi
1277 2000 1455 2055 veneratu

531 2093 646 2173 posita
663 2099 728 2152 est.
766 2088 895 2151 Eodem
910 2107 1002 2152 anno
1019 2087 1157 2163 Wibba,
1172 2105 1235 2150 rex
1253 2084 1395 2152 Mercio
1424 2118 1427 2141 ι
1449 2120 1462 2141 ιι

369 2197 491 2287 mg·
532 2191 630 2264 obiit,
653 2190 709 2251 cui
731 2188 897 2251 successit
916 2181 1089 2261 ’Cherlus
1107 2206 1175 2249 non
1194 2184 1301 2262 lilius,
1319 2186 1458 2252 sedeo.

531 2288 742 2368 sanguineus
759 2287 846 2369 ejus,
862 2286 978 2349 decem
996 2286 1106 2348 annis.

568 2458 802 2543 Wieiffotlorum
819 2478 873 2519 ree·
886 2455 925 2519 ol
941 2457 1086 2520 Arriano
1097 2457 1259 2541 pronitate
1272 2468 1453 2524 remur.

370 2592 481 2681 ω
582 2583 685 2645 Anno
702 2582 824 2661 gratiae
842 2596 951 2644 nucu.
963 2573 1168 2655 ⁴Ricardus,
1185 2599 1247 2642 rex
1262 2578 1463 2664 Wisigoth

370 2692 456 2789 ἐπ’
465 2690 519 2730 Μ
532 2700 620 2755 rum,
637 2679 769 2763 synodo
780 2680 965 2761 sexaginta
979 2679 1123 2742 duorum
1136 2678 1382 2761 episcoporum
1394 2700 1464 2765 apn

434 2769 439 2778 ’
532 2778 716 2843 Tholetum
739 2787 950 2858 congregata
972 2779 1086 2859 ibique
1101 2775 1253 2840 Arriana
1273 2776 1406 2843 hoeresi
1429 2799 1465 2844 a·

532 2879 647 2941 dicata
664 2886 698 2941 et
714 2877 1016 2952 anathematizata,
1037 2885 1146 2941 totam
1166 2884 1305 2957 gentem
1326 2876 1430 2943 illam
1450 2880 1464 2942 i

531 2978 702 3041 catholica
716 2976 781 3039 fide
799 2976 991 3039 confirmat.

532 3151 664 3213 ›Shnctus
683 3148 886 3232 Ariminus,
911 3169 930 3208 α
955 3145 1038 3209 leuto
1055 3167 1144 3230 popa
1174 3146 1322 3230 Greqort'o
1348 3149 1388 3213 ia
1412 3150 1447 3213 B

581 3249 723 3311 toraniam
738 3249 855 3322 missus,
872 3268 967 3329 regnem
983 3243 1192 3308 huetbertum
1214 3254 1242 3308 et
1251 3247 1416 3330 populum
1465 3295 1466 3302 ,

580 3346 742 3431 subjectum
756 3347 801 3409 ud
809 3346 901 3421 fidem
918 3344 1035 3406 Christi
1051 3344 1207 3407 corioertit.

372 3478 480 3517 rum
581 3470 684 3535 Anno
704 3470 825 3552 gratiae
843 3484 968 3542 nxcir,
984 3468 1042 3549 qui
1066 3475 1119 3530 est
1137 3486 1249 3530 annus
1271 3470 1462 3535 centesim

566 3641 575 3675 ¹
588 3645 736 3706 Ello.]'l'bis
746 3644 836 3691 should
848 3646 880 3692 be
889 3642 991 3691 Aethel·
1017 3648 1042 3690 at
1055 3643 1096 3690 the
1107 3644 1186 3692 battle
1197 3643 1227 3691 of
1233 3642 1277 3692 the
1288 3642 1360 3696 ldle.
1383 3648 1438 3699 820
1456 3674 1458 3689 .

530 3712 645 3773 ric,wbo
663 3713 796 3760 continued
812 3713 854 3760 the
872 3728 990 3773 persecu·
1016 3712 1076 3772 low,
1087 3714 1119 3760 ad
1132 3728 1173 3761 an.
1184 3716 1242 3762 617.

530 3785 583 3831 tion
602 3782 702 3841 against
723 3781 829 3829 Eadwin
852 3784 934 3843 begun
956 3783 990 3841 by
1051 3779 1186 3843 ³Cherlue,
1199 3797 1247 3829 m
1257 3780 1360 3848 filiu]
1378 3784 1425 3837 Ee

532 3852 572 3899 his
591 3850 673 3899 father
685 3851 751 3899 Ella.
789 3850 830 3900 lle
850 3851 991 3900 succeeded
1017 3851 1102 3899 sonos
1115 3851 1272 3912 Rhemum,
1285 3849 1332 3901 tha
1349 3854 1457 3909 brom

530 3927 558 3969 to
570 3920 686 3969 Bernieiu
702 3921 727 3968 in
745 3925 802 3981 586,
813 3921 863 3970 and
875 3920 955 3969 Deira
966 3921 991 3968 in
1017 3920 1119 3969 wibba.

531 3994 589 4039 ⁶88.
624 3990 802 4039 Seehlulmsb.
817 3986 992 4051 p.61,uote⁰.
1052 3989 1224 4053 wicardo]
1245 3988 1310 4038 Thin
1327 4007 1388 4044 m
1420 4004 1466 4037 τ..

565 4058 786 4122 'Restituta-sest]
801 4059 990 4107 Hesucceeded
1016 4058 1076 4106 rede
1095 4059 1158 4121 king
1174 4058 1203 4108 ns
1217 4059 1260 4107 the
1278 4059 1432 4127 Vlaigotlu,
1450 4098 1459 4110 t

529 4136 555 4178 to
567 4131 606 4179 bis
618 4131 737 4191 kingdom
749 4144 816 4189 upon
826 4128 867 4177 the
879 4129 953 4175 death
966 4129 996 4175 os
1019 4128 1349 4191 Herman.('oub·act.antl
1361 4134 1389 4183 S·
1436 4162 1439 4177 .

530 4199 691 4261 hethennus,
700 4199 853 4259 in617,wh0
862 4213 916 4246 wne
928 4198 991 4245 slnin
1018 4197 1050 4244 nd
1063 4213 1105 4247 an.
1117 4202 1174 4245 595.
