3000 5004
465 471 605 519 anonas
629 470 896 520 ursronrunun.
1111 456 1156 520 53

202 633 239 690 et
265 626 385 690 diebus
411 627 535 709 viginti
567 634 728 710 quatuor.
787 626 856 691 Per
880 626 971 690 idem
1003 635 1153 710 tempus,

204 724 328 803 Uther,
350 725 458 790 irater
490 724 626 790 Aurelii
651 727 742 808 regis
775 727 958 790 Britonum
986 726 1153 805 defuncti,

202 826 322 890 audito
340 845 425 889 casu
453 825 583 903 fratris,
606 845 683 889 cum
701 825 920 890 festinatione
935 826 1152 891 wintoniam
1163 848 1320 889 comminor

202 926 311 1002 venit,
335 933 370 988 et
393 933 584 989 convocato
609 925 738 1007 populo
766 927 864 1007 regni
890 933 925 989 et
954 925 1047 989 clero
1075 899 1293 999 Bri-illiti*

202 1025 331 1088 tanniae
345 1024 504 1088 diadema
519 1025 684 1106 suscepit.
725 1023 964 1088 Reminiscens
976 1025 1094 1109 itaque
1107 1027 1151 1092 de

201 1123 313 1187 sidere
336 1123 547 1205 supradicto,
568 1124 675 1207 jussit
688 1123 849 1186 fabricari
872 1123 959 1187 duos
983 1125 1151 1190 dracones

203 1241 248 1284 ex
260 1242 358 1299 auro,
375 1224 419 1286 ad
433 1222 692 1286 similitudinem
707 1221 868 1285 draconis
883 1242 985 1305 quem
1002 1224 1037 1286 in
1053 1223 1150 1288 radio

202 1321 313 1385 stellae
345 1321 558 1404 inspexerat,
591 1330 626 1385 et
658 1340 764 1384 unum
791 1321 828 1383 in
856 1321 1003 1385 ecclesia
1030 1323 1151 1404 primae

201 1420 293 1483 sedis
307 1420 498 1485 Wintoniae
513 1420 652 1497 obtulit,
666 1421 814 1484 alterum
828 1439 909 1483 vero
925 1420 991 1482 sibi
1008 1422 1150 1486 retinuit

202 1519 237 1581 in
251 1520 373 1601 praelio
388 1519 618 1584 deserendum.
662 1517 720 1583 Ab
739 1519 800 1582 illo
817 1537 901 1600 ergo
919 1527 1074 1603 tompore
1088 1540 1150 1583 vo-

202 1626 302 1682 catus
318 1618 384 1683 fuit
399 1620 600 1683 Britannice
622 1617 982 1700 ‘utherpendragon’
1004 1616 1151 1700 Anglice

204 1716 628 1793 ‘Utbred·drake-hefed,'
654 1717 780 1781 Latine
796 1736 878 1781 vero
893 1723 902 1751 ⁴
916 1717 1027 1783 Utber
1045 1728 1152 1801 caput

205 1815 377 1881 Draconis
387 1817 409 1895 ς’
424 1817 514 1880 unde
527 1835 637 1899 usque
648 1815 749 1880 bodie
765 1834 840 1880 mos
853 1815 996 1880 inolevit
1011 1819 1152 1897 regibus

204 1923 306 1980 terrae
316 1915 431 1999 hujus,
444 1916 535 1999 quod
546 1936 610 1998 pro
622 1915 751 1980 vexillo
766 1915 963 1979 Draconem
973 1916 1009 1978 in
1019 1917 1153 1981 bellicis

205 2014 482 2097 expeditionibus
499 2024 580 2079 ante
595 2034 633 2078 se
650 2014 837 2079 statuerint
852 2014 1085 2079 deferendum.

217 2100 226 2119 ’
248 2114 320 2177 Sub
353 2114 562 2191 hisdiebus,
595 2114 687 2178 Octa
714 2113 807 2177 tilius
837 2112 1015 2194 Hengisti,
1046 2121 1151 2196 atque
1165 2137 1275 2186 sangar

206 2213 299 2277 Eosa
326 2222 496 2295 cognatus
521 2232 617 2290 suus,
649 2232 736 2308 cum·
758 2213 863 2276 soluti
891 2220 1007 2277 essent
1037 2232 1059 2276 a
1087 2213 1151 2276 loe·
1164 2188 1268 2278 illim

205 2312 285 2376 dere
308 2313 401 2394 quod
429 2311 573 2376 A'urelio
600 2312 817 2394 pepigerant,
842 2311 954 2376 moliti
975 2319 1057 2375 sunt
1078 2313 1152 2394 regi

206 2409 319 2475 Uther
349 2410 477 2474 bellum
507 2430 645 2474 movere
679 2418 715 2474 et
747 2428 830 2473 suos
868 2411 954 2474 fines
993 2410 1152 2479 dilatare.

206 2509 366 2574 Maxima
401 2510 508 2591 igitur
547 2509 726 2573 Saxonum
767 2508 988 2574 multitudine
1032 2513 1153 2593 stipati

206 2608 421 2692 aquilonales
450 2609 641 2672 Britanniae
665 2609 861 2691 provincias
882 2610 1096 2686 invaserunt,
1118 2617 1154 2673 et

206 2709 414 2772 munitiones
442 2710 486 2772 ab
503 2707 655 2772 Albania
672 2708 849 2790 usquead
877 2708 1069 2772 Eboracum
1093 2727 1153 2790 pe·

207 2808 301 2871 nitus
319 2808 574 2871 destruxerunt.
609 2806 791 2871 Postremo
807 2826 884 2871 cunr
896 2807 1014 2870 urbem
1027 2803 1154 2870 vAlelud

207 2905 363 2970 obsidere
384 2907 605 2989 incepissent,
621 2907 822 2997 supervenit
840 2904 1155 2987 Utberpendragon

207 3025 285 3069 cunr
301 3003 588 3070 totalortitudine
605 3006 767 3087 regionis,
780 3011 815 3067 et
827 3023 905 3067 cunr
916 3004 986 3067 illis
1002 3022 1155 3087 pugnam

207 3105 388 3168 commisit.
442 3105 661 3169 Restiterunt
672 3103 818 3167 viriliter
838 3103 997 3167 Saxones
1018 3110 1053 3165 et
1076 3102 1304 3172 Bri-meysam

206 3210 306 3268 tones
321 3204 358 3267 in
372 3201 491 3284 lugam
514 3201 753 3285 propulerunt,
769 3202 983 3284 insecutique
996 3209 1078 3265 sunt
1095 3222 1155 3266 eos
1166 3174 1305 3214 mm

205 3302 335 3384 pagani
351 3320 461 3383 usqne
478 3301 522 3366 ad
539 3308 691 3365 montem
706 3293 853 3364 ¹Danet.
891 3299 985 3363 Dum
1002 3302 1066 3363 sub
1082 3299 1156 3365 sole

207 3401 280 3464 dies
303 3400 445 3465 emicuit
462 3406 720 3482 occupaverunt
736 3407 889 3463 montem
914 3399 1088 3475 Britones,
1112 3399 1153 3462 il·

205 3499 345 3582 lumque
367 3520 430 3582 pro
452 3500 586 3581 refugio
604 3499 811 3575 babuerunt,
830 3497 913 3580 quid
937 3505 1080 3578 agerent
1101 3499 1155 3579 ig·

205 3607 381 3663 norantes.
433 3597 589 3662 Tandem
610 3597 741 3662 salubri
763 3596 907 3660 consilio
929 3597 1155 3661 decreverunt

205 3696 412 3762 nocturnum
427 3697 463 3760 in
478 3697 596 3761 hostes
614 3698 778 3779 impeturn
797 3695 922 3773 facere,
940 3703 1045 3779 atque
1059 3697 1155 3779 ipsos

204 3804 387 3879 soporatos
420 3804 457 3861 et
483 3797 632 3859 inermes
660 3814 852 3877 occupare3
886 3796 1010 3859 statuti
1035 3797 1155 3879 itaque

204 3915 267 3977 per
279 3905 412 3961 turmas
429 3902 465 3959 et
482 3895 619 3972 armati,
634 3902 751 3959 castra
767 3894 918 3957 hostium
932 3900 1068 3975 petunt,
1079 3914 1156 3958 eos·

204 4015 273 4078 que
290 3996 417 4059 acriter
432 3993 623 4071 invadunt3
647 3994 706 4075 qui
723 3994 774 4056 ita
784 4012 831 4056 ex
849 3992 1039 4074 improviso
1053 4013 1156 4058 occu·

402 4243 408 4273 ¹
420 4246 526 4310 uanas]
546 4245 656 4306 Damon,
668 4240 744 4292 Geel.
757 4240 854 4289 Monm.
865 4240 919 4288 viii.
932 4242 972 4289 18.
