3000 5004
468 426 608 474 vnonns
632 427 899 477 ammonianum
1091 414 1155 479 341

204 583 270 645 bus
293 581 369 665 pice
392 591 428 648 et
443 583 621 666 sulphure,
644 584 865 667 plumboque,
884 603 964 649 cera
985 596 1020 649 et
1041 585 1154 670 adipe.
1169 606 1265 647 vanno

206 681 261 747 Ibi
276 682 392 746 inveni
419 684 599 766 pontifices
625 685 735 767 patris
760 685 828 748 mei
848 692 883 748 ct
906 686 1154 751 avunculorum
1168 657 1283 747 diff

206 800 371 860 meomm,
389 800 476 864 quos
494 802 571 847 cum
588 801 720 865 pavens
736 784 996 865 interrogarem,
1014 794 1156 869 propter

204 880 572 963 qnidpatercnturtam
581 882 1155 966 graviatormenta,respondernnt

205 979 301 1056 mihi,
317 980 484 1044 ‘Fuimus
495 981 648 1063 episcopi
664 980 774 1064 patris
790 982 841 1045 tui
856 989 892 1046 et
903 984 1153 1048 avunculorum

204 1083 354 1156 tuorum,
371 1087 406 1143 et
423 1099 501 1143 cum
517 1080 697 1144 debuimus
711 1080 791 1144 illos
805 1088 840 1144 et
852 1081 999 1163 populos
1014 1083 1151 1147 illorum

205 1177 247 1240 de
264 1198 349 1261 pace
368 1185 404 1242 et
418 1179 604 1243 concordia
625 1180 809 1243 admonere
832 1188 868 1245 et
889 1182 1033 1262 precari,
1050 1184 1153 1245 semi·

204 1278 363 1341 nevimus
385 1277 574 1343 discordias
598 1280 765 1343 intereos
785 1278 1004 1343 etmalorum
1024 1280 1152 1345 suimus

202 1376 412 1455 incensores,
444 1378 536 1441 unde
567 1397 660 1440 nunc
681 1378 894 1441 incendimur
918 1376 954 1442 in
980 1380 1057 1443 istis
1080 1387 1151 1444 tar-

204 1476 309 1539 tareis
332 1476 510 1559 suppliciis
536 1483 573 1540 et
594 1496 657 1540 nos
682 1485 718 1541 et
744 1477 805 1540 alii
834 1477 1094 1541 homicidiorum
1117 1488 1152 1544 et

203 1575 402 1656 rapinamm
426 1584 617 1653 amatorcs;
652 1575 719 1640 huc
741 1577 844 1640 etiam
868 1577 920 1640 tui
942 1579 1093 1660 episcopi
1116 1587 1152 1643 et

203 1674 371 1738 satellites
383 1676 535 1752 venient,
546 1676 605 1757 qui
616 1676 774 1739 similiter
784 1674 897 1740 iacere
908 1695 1000 1739 nnnc
1011 1678 1152 1742 amant!

206 1772 252 1836 Et
274 1773 356 1836 dum
379 1773 455 1838 haec
474 1773 719 1838 tremebundus
740 1776 984 1852 auscultarem,
1001 1796 1080 1840 ecce
1103 1778 1153 1840 ni-

112 1936 114 1940 .
204 1873 342 1953 gerrimi
364 1873 549 1951 daemones,
577 1893 654 1937 cum
681 1874 779 1937 uncis
801 1875 913 1955 igneis
937 1874 1152 1952 advolantes,

203 1971 366 2036 volebant
380 1972 637 2055 apprchendere
651 1973 747 2036 filum
764 1973 938 2054 glomeris
952 1974 1042 2055 quod
1057 1982 1152 2037 tenc-

202 2070 296 2147 bam,
312 2078 348 2135 et
365 2072 406 2136 ad
429 2091 467 2135 se
489 2072 637 2149 trahere,
653 2070 713 2135 sed
731 2072 1029 2135 reverberantibus
1045 2073 1152 2136 radiis

203 2169 297 2233 illius
324 2169 500 2252 glomeris,
527 2171 623 2233 iilum
650 2171 849 2252 contingere
880 2189 949 2234 non
975 2171 1150 2235 valebant.

204 2267 339 2332 Deinde
366 2277 447 2352 post
464 2276 599 2351 tergum
626 2289 738 2333 meum
763 2278 951 2346 currentes,
967 2270 1152 2334 voluerunt

205 2384 259 2431 me
283 2369 492 2432 aduncinare
509 2370 593 2432 etin
606 2370 701 2451 ipsos
717 2367 893 2450 sulphuris
913 2376 1035 2451 puteos
1060 2389 1150 2453 pree·

203 2466 359 2550 cipitare,
377 2467 438 2530 sed
454 2468 578 2531 ductor
599 2486 708 2544 meus,
724 2468 783 2550 qui
800 2460 952 2548 ¹glomus
977 2469 1151 2551 portabat,

203 2565 351 2649 projecit
374 2586 478 2648 snper
501 2567 663 2649 scapulas
693 2586 787 2632 meas
811 2566 906 2629 filum
932 2568 1094 2649 glomeris
1117 2576 1152 2631 et

204 2664 397 2748 duplicavit
423 2665 509 2728 illud
537 2665 715 2748 traxitque
744 2672 823 2748 post
850 2685 888 2730 se
911 2666 1150 2746 vehementem

203 2764 322 2846 sicque
349 2763 589 2828 adscendimus
621 2784 725 2848 super
746 2772 881 2829 montes
903 2765 1090 2831 altissimos
1117 2773 1151 2830 et

203 2863 337 2944 igneos,
354 2863 397 2927 de
419 2864 544 2946 quibus
562 2865 762 2928 oriebantur
775 2864 917 2927 flumina
932 2864 1103 2928 ferventia
1117 2872 1152 2927 et

203 2962 348 3044 paludes
367 2970 403 3027 et
417 2964 534 3027 omnia
556 2982 685 3044 genera
705 2963 923 3026 metallorum
947 2963 1150 3041 bullientia;

203 3061 263 3124 nbi
287 3063 397 3144 reperi
413 3063 611 3126 innumeras
628 3063 760 3126 animas
783 3061 959 3125 hominum
974 3068 1010 3125 et
1025 3062 1152 3143 princi·
1218 3134 1221 3139 ¹

203 3178 287 3243 pum
310 3162 421 3243 patris
438 3163 504 3225 mei
520 3167 555 3225 et
572 3160 717 3226 fratrum
732 3180 885 3224 meorum
905 3159 1169 3243 praecipitatas„

204 3259 292 3322 alias
310 3277 419 3342 usque
442 3258 486 3323 ad
509 3260 666 3342 capillos,
684 3260 771 3324 alias
787 3279 897 3342 usque
920 3259 963 3322 ad
986 3265 1153 3334 mentum,

204 3357 293 3422 alias
318 3378 428 3441 usque
455 3358 499 3422 ad
526 3359 738 3434 umbilicum,
766 3367 872 3440 atque
893 3357 1056 3441 ejulando
1082 3357 1152 3421 cla·

204 3466 388 3521 maverunt
404 3458 448 3522 ad
466 3478 521 3521 me
536 3457 703 3533 dicentes,
720 3457 836 3520 ‘Dum
854 3458 1005 3520 viximus
1021 3455 1153 3519 amavi-

204 3576 281 3620 mus
295 3563 408 3621 tecum
423 3566 551 3621 etcum
566 3564 665 3640 patre
683 3563 743 3619 tuo
760 3562 886 3619 etcum
904 3555 1067 3618 fratribus
1084 3556 1154 3618 tuis

205 3663 240 3718 et
258 3675 334 3719 cum
359 3657 539 3720 avunculis
563 3657 632 3719 tuis
649 3656 761 3719 facere
777 3656 899 3737 praelia
913 3663 948 3718 et
970 3654 1154 3719 homicidia

205 3761 241 3818 et
255 3757 395 3837 rapinas
417 3775 480 3838 pro
506 3755 695 3837 cupiditate
712 3762 861 3832 terrena,
877 3762 912 3817 et
926 3754 1003 3817 idco
1028 3755 1064 3816 in
1086 3755 1155 3817 ista

205 3854 386 3917 bullientia
400 3854 545 3917 flumina
567 3862 602 3917 et
624 3854 841 3917 metallorum
859 3854 1072 3917 diversorum
1095 3873 1154 3934 gc-

205 3972 289 4016 nera
309 3954 521 4016 sustinemus
540 3953 736 4017 tormenta!
788 3952 928 4016 Etcum
946 3952 989 4015 ad
1014 3950 1088 4014 haec
1111 3952 1155 4014 ti-

504 4198 512 4229 ¹
526 4201 649 4264 Glemon]
666 4200 818 4261 (Homerum,
828 4200 860 4249 L.
