3000 5004
363 430 429 493 252
622 443 756 491 aocnar
781 443 828 489 nu
851 442 1057 490 wnnnovua

364 601 494 677 horem,
520 601 632 664 noctis
662 598 812 682 quietem
835 598 871 662 iu
904 604 1015 661 strato
1040 595 1136 678 regio
1163 603 1320 677 caperet,

364 699 490 780 angelo
514 700 708 775 nuntiante,
725 697 843 762 divino
869 695 1066 760 admonitus
1090 703 1143 759 est
1161 695 1319 772 oraculo,

364 804 405 859 ut
427 806 585 862 sanctum
612 797 679 861 Dei
702 795 889 873 Albanum,
918 793 1113 876 Anglorum
1138 794 1213 858 sive
1237 793 1319 856 Bri-

285 880 289 886 *
365 903 485 959 tonum
510 904 812 978 protomartyrem,
836 894 878 957 de
900 900 994 958 terra
1016 893 1149 957 levaret
1171 899 1208 956 et
1234 891 1317 956 reli·

364 993 464 1075 quies
478 994 555 1077 ejus
570 995 605 1058 in
621 996 748 1058 scrinio
764 994 901 1075 dignius
911 992 1110 1057 collocaret.
1138 990 1219 1055 Rex
1231 1010 1317 1055 vero
1355 1009 1358 1015 ·

363 1091 490 1156 divinis
507 1094 600 1157 illico
620 1093 763 1158 studens
785 1095 1022 1173 obtemperare
1044 1090 1241 1172 praeceptis,
1256 1108 1314 1154 ac·

364 1191 434 1255 cito
459 1191 667 1269 Humberto,
686 1192 893 1256 Marciorum
917 1189 1188 1272 archiepiscopo,
1211 1188 1315 1272 enJus

363 1289 462 1353 sedes
484 1290 576 1373 apud
600 1289 775 1354 Lichefeld
804 1308 914 1371 nuper
935 1290 979 1351 ab
1001 1287 1120 1352 eodem
1147 1306 1230 1370 rege
1257 1287 1315 1350 su·

362 1398 437 1452 erat
462 1391 665 1466 constituta,
697 1388 851 1453 divinam
877 1388 908 1450 ei
936 1387 1151 1452 voluntatem
1180 1385 1314 1450 indicat
1385 1379 1388 1385 ⁵

362 1487 405 1550 de
422 1489 620 1569 praemissis.
671 1487 771 1551 Tunc
795 1485 1073 1567 archiepiscopus
1088 1490 1314 1562 memoratus,

363 1586 555 1669 adsumptis
582 1588 747 1651 continuo
766 1604 883 1649 secum
905 1583 1072 1648 ceolwlfo
1094 1583 1312 1647 Lindesiensi

362 1691 397 1746 et
421 1683 580 1749 Unwona
602 1684 863 1766 Legecestreusi
888 1683 1071 1764 episcopis,
1093 1681 1166 1745 suis
1187 1680 1314 1746 suffra·

361 1783 492 1862 ganeis,
507 1803 585 1846 cnm
599 1784 780 1847 innumera
793 1783 973 1862 utriusque
986 1799 1092 1844 sexus
1111 1787 1147 1844 et
1163 1780 1313 1844 diversae
1387 1850 1392 1858 ,

360 1881 475 1945 aetatis
488 1882 720 1959 multitudine,
738 1882 813 1964 regi
828 1881 884 1945 die
900 1880 965 1943 sibi
979 1885 1115 1943 statuta
1129 1878 1222 1961 apud
1238 1878 1313 1943 Ve-

360 1979 540 2043 rolamium
554 1988 788 2044 occurrerunt.
842 1979 922 2044 Rex
937 1997 1032 2055 vero,
1048 1977 1130 2041 dum
1145 1977 1229 2042 illuc
1243 1977 1313 2042 iter

360 2078 551 2160 expediret,
576 2079 663 2143 lucis
685 2079 832 2156 radium,
853 2079 890 2141 in
917 2076 1057 2141 modum
1081 2076 1233 2158 ingentis
1257 2076 1312 2140 sa·

359 2177 459 2255 culae,
490 2179 625 2243 caelitns
666 2179 829 2241 emissum
858 2195 963 2260 super
991 2176 1104 2240 locum
1134 2174 1311 2257 sepulchri

358 2278 458 2356 qnasi
482 2277 664 2341 fulminare
689 2276 891 2358 conspexit3
925 2274 992 2338 hoo
1023 2292 1160 2356 quoque
1189 2273 1311 2338 divino

359 2375 403 2437 ab
418 2376 576 2439 omnibus
598 2376 765 2440 miraculo
787 2374 1000 2456 conspicato,
1015 2373 1077 2436 tali
1089 2372 1223 2456 judicio
1246 2392 1309 2437 ex·

360 2473 522 2537 stiterunt
535 2475 577 2537 de
594 2475 737 2538 visionis
754 2474 902 2538 veritate
916 2473 1080 2536 certiores
1095 2470 1220 2535 effecti.

396 2571 496 2634 Tunc
508 2573 637 2654 populo
648 2574 683 2635 in
690 2572 846 2657 jejuniis,
859 2571 1085 2654 eleemosynis
1094 2570 1308 2635 storatioui·
1401 2605 1404 2610 ·

358 2670 423 2731 bns
434 2671 663 2747 sanctificato,
678 2672 852 2736 antistites
864 2669 1136 2734 sacerdotalibus
1147 2669 1309 2734 adomati

359 2767 476 2831 infulis
499 2768 617 2833 adfore
639 2770 705 2833 sibi
725 2771 820 2834 beati
838 2768 1000 2851 martyris
1021 2767 1189 2832 auxilium
1207 2767 1309 2849 dagi-

358 2866 491 2930 tabant.
545 2868 674 2933 Fuerat
689 2887 837 2950 namque
857 2869 954 2932 locus
976 2875 1011 2931 et
1028 2866 1194 2931 memoria
1214 2885 1309 2930 mar·

357 2965 455 3047 tyris,
475 2974 555 3049 post
570 2968 756 3031 adventum
777 2967 888 3030 sancti
904 2965 1081 3042 Germani,
1095 2963 1308 3030 Altissiodo·

255 3083 259 3092 ·
356 3066 466 3129 rensis
490 3066 655 3149 episcopi,
679 3067 738 3148 qui
761 3085 840 3128 eum
863 3067 966 3128 beato
980 3063 1093 3148 Lupo,
1106 3063 1308 3129 Trecusiuae

356 3164 450 3228 urbis
476 3165 650 3247 episcopo,
668 3165 712 3228 ad
735 3163 994 3246 exstirpandam
1017 3163 1175 3226 haeresim
1201 3161 1307 3228 Pela·

355 3263 495 3342 gianam
520 3258 571 3327 ¹in
598 3264 816 3328 Britanniam
840 3269 1019 3339 venerant,
1043 3260 1144 3325 aunis
1168 3260 1309 3326 circiter

355 3362 519 3425 trecentis
556 3362 787 3444 quadraginta
819 3369 969 3442 quatuor
1001 3361 1139 3424 omnino
1167 3360 1306 3441 deleta;

354 3459 523 3540 siqnidem
538 3482 624 3542 gens
640 3480 779 3543 pagana
794 3460 983 3532 Saxonum,
998 3458 1021 3523 J
1025 3466 1162 3522 ntorum
1182 3465 1218 3523 et
1232 3457 1302 3522 Au·

354 3559 502 3639 glorum,
518 3561 720 3623 Britouibus
744 3559 913 3641 expulsis,
927 3552 1164 3621 'Britanniam
1184 3558 1306 3641 subju-

354 3666 536 3736 gavatum,
551 3667 590 3723 ut
604 3659 761 3741 superius
775 3665 912 3721 constat
925 3654 1095 3739 prolixius
1108 3663 1306 3734 exaratum,

355 3774 436 3817 mox
460 3775 564 3839 agros
591 3757 855 3841 depopulantes,
881 3755 1057 3838 ignomin
1083 3754 1244 3819 civitates
1270 3762 1306 3820 et

353 3853 483 3936 oppida
508 3857 779 3933 accumulantes,
795 3873 913 3918 sacras
928 3853 1092 3919 ecclesias
1114 3854 1306 3918 solotenus

354 3954 627 4036 complanantes,
650 3954 848 4018 sacerdotes
864 3953 1119 4028 detruncantes,
1144 3961 1306 4018 cunctam

387 4135 393 4163 ¹
421 4138 451 4184 In
481 4136 639 4186 Britanniam
665 4132 833 4269 mmar,]p
875 4134 1065 4186 ”Britannum
1085 4136 1308 4202 nljrgauma]

350 4207 429 4255 above
441 4208 466 4255 in
479 4211 537 4256 440.
842 4206 921 4256 above
933 4209 958 4255 in
969 4211 1028 4258 449.
