3000 5004
665 1031 1098 1115 PROLOGUS
1223 1023 1229 1035 “

553 1248 607 1307 IN
641 1247 854 1307 LIBRUM
891 1243 1204 1305 SECUNDUM.

455 1642 572 1704 Linus
592 1639 696 1724 hujus
712 1640 826 1722 operis
841 1639 1025 1716 sccundus,
1041 1638 1084 1701 de
1102 1645 1256 1718 tempore
1271 1655 1352 1718 gra·

403 1741 462 1804 tiae
477 1740 668 1815 ordinatus,
681 1739 723 1801 de
736 1739 919 1802 nativitate
933 1740 1008 1820 agit
1022 1737 1215 1802 Salvatoris
1226 1736 1349 1812 nostri,

402 1847 439 1903 et
452 1839 495 1902 de
508 1839 574 1902 hiis
588 1857 666 1921 quae
683 1838 791 1919 gessit
802 1839 839 1900 in
852 1857 967 1914 carne,
988 1845 1093 1920 atque
1110 1836 1350 1900 devocatione

403 1938 651 2019 apostolorum,
677 1946 713 2001 et
739 1937 869 2001 sanctis
898 1937 966 2000 Dei
988 1937 1023 1999 in
1051 1936 1248 2000 caelestibus
1273 1934 1349 2018 jam

402 2035 618 2118 glorificatis,
642 2056 705 2119 per
736 2055 846 2100 annos
875 2035 1122 2100 incarnationis
1151 2034 1349 2111 distinctus,

358 2154 366 2168 ⁶
403 2135 499 2201 nullo
523 2137 755 2224 praetermisso
779 2154 887 2218 usque
913 2135 957 2199 ad
982 2142 1139 2217 tempora
1158 2141 1291 2211 nostra,
1313 2133 1350 2197 in

401 2254 491 2316 quos
507 2237 607 2318 quasi
630 2236 824 2300 seculorum
852 2235 937 2298 lines
963 2234 1187 2310 devenerunt,
1202 2233 1238 2296 in
1265 2251 1350 2315 quo-

402 2354 478 2398 rum
494 2336 709 2401 revolutione
724 2333 946 2417 prosequitur
961 2333 1003 2397 de
1019 2333 1188 2398 Romanis
1210 2332 1351 2413 pontifi·

401 2435 498 2498 cibus
513 2443 549 2498 et
564 2434 830 2517 imperatoribus
852 2434 1032 2498 universis.
1077 2431 1165 2514 Agit
1179 2432 1284 2495 etiam
1307 2431 1350 2494 de

401 2533 682 2615 archiepiscopis
695 2533 878 2614 episcopis,
895 2541 930 2596 et
945 2533 1080 2597 caeteris
1094 2530 1249 2595 ecclesiae
1263 2550 1352 2612 prae·

400 2631 493 2708 latis,
504 2633 644 2713 regibus
657 2649 698 2694 ac
713 2632 937 2713 principibus,
947 2631 1048 2695 simul
1063 2639 1099 2696 et
1114 2630 1192 2694 aliis
1205 2648 1349 2712 magna-

401 2731 506 2808 tibus,
532 2750 718 2813 eorumque
741 2731 902 2813 operibus
929 2732 1029 2794 bonis
1055 2731 1129 2794 sive
1153 2730 1266 2807 malis,
1287 2731 1348 2811 qui

400 2847 464 2909 pro
480 2839 634 2912 tempore
651 2828 790 2894 luerunt
803 2831 840 2893 in
855 2830 1054 2911 regionibus
1069 2829 1226 2893 diversis.
1262 2827 1350 2910 Agit

400 2927 541 3010 insuper
576 2928 619 2991 de
643 2929 747 2992 variis
777 2929 974 2992 mortalium
1007 2929 1156 3004 casibus,
1181 2926 1349 3010 prodigiis

400 3027 505 3091 etiam
534 3035 571 3092 et
601 3029 785 3109 portentis,
810 3029 934 3111 quibus
964 3029 1017 3091 ira
1046 3027 1115 3090 Dei
1145 3026 1348 3090 mortalibus

399 3134 698 3206 praemonstratur,
724 3135 978 3209 quatenusper
1002 3126 1076 3189 haec
1103 3126 1350 3209 praecurrentia

400 3225 493 3288 mala
517 3227 692 3308 perterriti
706 3227 750 3290 ad
772 3226 924 3290 lamenta
949 3225 1163 3308 poenitentiae
1186 3233 1221 3288 et
1240 3244 1349 3288 reme-

399 3323 493 3388 dium
507 3326 755 3390 satisfactionis
772 3325 947 3401 fcstinent,
964 3323 1161 3406 exemplum
1183 3324 1227 3386 de
1246 3324 1347 3388 bonis

399 3422 444 3484 ab
459 3424 651 3489 imitatione
665 3425 854 3502 trahentes,
869 3431 905 3487 et
924 3424 1161 3487 renuntiantes
1184 3424 1345 3505 operibus

397 3539 648 3601 perversorum.

571 3781 742 3830 EXPLICIT
766 3781 953 3833 PROLOGUS
976 3781 1178 3831 SECUNDUS.
