3000 5004
355 485 357 490 ,
393 429 532 478 rnoans
556 430 824 481 ursroarraou.
1020 416 1086 480 253

132 607 231 670 paene
255 588 470 671 superficiem
495 589 618 652 insulae
643 608 664 652 a
684 588 900 670 mariusque
924 589 968 653 ad
989 609 1083 654 mare

131 687 446 751 immisericorditer
475 687 689 752 deleverunt.
735 687 815 750 Hac
848 689 967 770 itaque
996 696 1083 753 tem-

132 792 279 868 pestate,
308 787 454 850 ecclesia
478 787 572 849 beati
598 785 792 867 Anglorum
819 790 1083 870 protomartyris

134 884 274 962 Albani,
297 904 402 966 quam
426 883 524 948 Beda
548 885 584 947 in
609 884 755 948 historia
772 883 977 966 Anglorum,
1003 896 1083 967 post

133 985 330 1065 passionem
347 984 501 1067 ejusdem
523 983 697 1066 martyris
711 983 799 1046 miro
813 984 972 1048 tabulatu
995 985 1083 1067 lapi·

133 1081 198 1146 deo
212 1083 352 1164 scripsit
364 1083 472 1146 fuisse
494 1090 740 1157 constructam,
757 1081 849 1145 inter
863 1092 1007 1146 caeteras
1030 1103 1084 1146 re-

133 1181 247 1262 gionis
272 1180 437 1245 ecclesias
461 1178 616 1244 funditus
642 1188 696 1243 est
719 1182 907 1258 subversa;
935 1182 1026 1244 unde
1049 1190 1084 1246 et

132 1278 350 1361 sepulchrum
374 1280 463 1363 ejus,
488 1279 580 1360 quod
603 1279 639 1341 in
664 1279 817 1342 adventu
850 1280 961 1342 sancti
990 1278 1081 1343 Ger-

133 1379 240 1454 mani,
257 1386 293 1441 et
307 1385 388 1441 ante
405 1397 426 1441 a
443 1378 604 1458 passione
622 1379 785 1460 martyris
802 1377 971 1459 usquead
989 1377 1082 1441 illius

133 1476 257 1558 patriae
277 1477 539 1553 desolationem,
556 1477 713 1540 omnibus
736 1485 869 1554 notum,
885 1484 920 1539 et
943 1483 1084 1559 propter

136 1575 377 1640 miraculorum
400 1575 627 1657 frequentiam
646 1576 690 1638 ab
710 1575 869 1638 omnibus
892 1576 1005 1638 fuerat
1021 1575 1082 1638 ad-

134 1681 284 1751 oratum,
317 1681 484 1756 tempore,
515 1693 585 1755 quo
613 1672 701 1736 Offae
732 1674 806 1754 regi
831 1674 989 1754 angelico
1020 1693 1083 1736 ex·

135 1772 226 1836 stitit
241 1773 432 1836 ministerio
455 1772 659 1849 revelatum,
676 1780 751 1835 erat
768 1772 983 1853 incognitum
1006 1772 1084 1835 uni·

135 1872 254 1935 versis.
320 1871 430 1934 Facta
461 1870 580 1952 igitur,
613 1878 652 1933 ut
683 1870 845 1948 diximus,
877 1871 1033 1935 oratione
1063 1892 1085 1935 a

135 1971 228 2034 clero
244 1977 281 2033 et
296 1969 437 2052 populo,
455 1989 534 2032 cum
549 1969 768 2051 eleemosyna
790 1977 825 2033 et
843 1969 992 2052 jejunio,
1014 1978 1084 2033 ter-

135 2088 209 2132 ram
234 2068 444 2151 percutiunt,
466 2075 501 2132 et
525 2068 655 2149 passim
680 2068 842 2148 martyris
870 2067 1083 2150 sepulturam

134 2167 337 2246 offendunt3
370 2186 432 2230 nec
456 2165 521 2229 fuit
543 2184 683 2229 necesse
705 2166 818 2229 locum
841 2165 900 2228 diu
917 2185 1085 2248 quaerere,

135 2285 237 2348 quem
253 2264 371 2330 divina
387 2264 569 2329 clementia
580 2264 725 2346 dignata
742 2272 796 2327 est
808 2264 938 2328 caelesti
956 2265 1084 2328 lumine

134 2364 300 2429 revelare.
353 2363 520 2445 Martyris
542 2364 650 2444 igitur
671 2382 808 2445 corpus,
830 2362 989 2427 adstante
1006 2363 1084 2426 Otia

135 2482 217 2544 rege
234 2463 483 2540 strenuissimo,
500 2462 536 2524 in
561 2461 662 2526 theca
685 2461 813 2543 lignea,
840 2462 875 2524 in
894 2481 964 2544 qua
988 2463 1084 2545 prius

136 2582 158 2625 a
172 2561 304 2625 Christi
319 2560 477 2624 fidelihus
503 2567 646 2642 propter
667 2561 891 2624 harbarorum
914 2560 1084 2625 saevitiam

136 2660 250 2724 fuerat
271 2669 425 2742 tempore
451 2659 657 2723 discriminis
685 2660 909 2738 occultatum,
938 2661 1086 2742 reperie-

135 2765 217 2822 runt
233 2777 309 2822 cum
324 2757 409 2840 ipsis
425 2758 533 2821 sacris
555 2759 707 2822 omnium
726 2759 959 2840 apostolorum
974 2759 1086 2822 diver-

137 2876 322 2939 sorumque
348 2863 538 2940 martyrum
570 2857 737 2939 reliquiis,
765 2876 852 2939 quas
880 2858 927 2920 ibi
955 2858 1084 2921 dudum

135 2963 277 3020 sanctus
304 2955 511 3037 deposuerat
534 2953 740 3019 Germanus.
794 2954 908 3019 Movit
934 2955 1007 3020 haec
1032 2957 1085 3019 in·

136 3053 254 3120 ventio
275 3061 346 3118 tam
364 3055 494 3118 clerum
513 3073 617 3135 quam
640 3054 805 3135 populum
826 3054 1024 3118 universum
1041 3055 1083 3117 ad

135 3153 342 3235 lachrymas,
365 3160 401 3216 et
422 3154 467 3217 ob
488 3152 554 3215 hoc
576 3153 739 3229 maxime,
761 3153 853 3234 quod
879 3152 980 3216 fidem
1004 3154 1086 3216 fecit

138 3252 240 3316 dictis
262 3259 461 3316 sauctorum
483 3259 621 3333 patrum
644 3251 687 3314 de
709 3250 863 3333 reliquiis
886 3251 988 3314 simul
1007 3271 1085 3314 cum

136 3369 280 3434 corpore
299 3350 456 3432 repertis,
473 3368 560 3431 quas
580 3349 726 3429 legimus
749 3349 793 3412 ad
815 3350 976 3413 solatium
994 3369 1086 3413 mar·

136 3449 223 3532 tyris
240 3449 315 3532 ejus
330 3468 430 3513 sacro
447 3447 582 3532 corpori
595 3448 702 3511 fuisse
715 3448 931 3530 conjunctas.
972 3449 1085 3527 Quem

137 3568 221 3630 ergo
254 3547 467 3624 thesaurum
489 3547 548 3609 diu
580 3548 645 3609 suh
674 3547 804 3628 cespite
834 3548 1084 3624 absconditum,

137 3647 417 3729 archiepiscopus
439 3666 516 3709 cum
540 3646 612 3708 suis
643 3646 815 3727 episcopis
838 3646 881 3708 de
903 3647 1085 3729 sepulchro

135 3745 293 3810 levantes
309 3763 387 3808 cum
405 3745 528 3808 timore
545 3754 679 3820 sancto,
703 3744 918 3826 praecedente
941 3745 1086 3809 solemni

136 3845 366 3927 processione,
404 3844 440 3906 in
476 3842 613 3926 hymnis
649 3850 685 3906 et
720 3842 861 3906 landum
881 3845 1086 3925 praeconiis,

136 3942 391 4007 transtulerunt
414 3943 451 4005 in
473 3940 646 4023 quandam
668 3942 859 4017 ecclesiam,
883 3942 964 4004 olim
986 3949 1088 4005 extra

137 4043 256 4105 urbem
278 4040 517 4104 Verolamium
542 4040 577 4102 in
608 4039 772 4103 honorem
804 4040 897 4103 beati
925 4026 1095 4121 martyris·

137 4146 388 4215 consecratam,
407 4139 465 4202 ubi
489 4141 524 4202 in
550 4139 685 4214 locello,
708 4158 753 4201 ex
778 4157 862 4202 auro
883 4145 917 4201 et
942 4146 1086 4219 argento
