3000 5004
351 448 419 512 366
608 461 743 510 noorai
768 461 815 507 on
837 460 1045 508 wannovaa

352 627 418 693 est,
439 616 667 699 applicantes,
690 616 816 698 praedis
838 615 965 679 ibidem
991 616 1165 681 vacabant
1190 628 1225 681 et
1249 639 1306 683 ra·

353 717 467 797 pinis;
488 716 580 797 quod
602 716 674 795 regi
690 715 833 779 Alfredo
854 733 932 777 cum
955 715 1150 778 nuntiatum
1168 717 1305 794 fuisset,

352 814 573 896 praedonibus
597 814 801 877 festinanter
817 814 980 888 occurrit,
997 833 1186 897 eorumque
1211 817 1304 880 lace-

352 914 438 975 ratis
469 912 677 992 agminibus,
709 911 861 993 praedam
892 913 1049 975 excussit
1086 921 1123 976 et
1160 933 1222 978 eos
1257 915 1301 979 ad

352 1029 460 1073 naves
475 1010 596 1092 fugere
611 1011 748 1092 coegit;
771 1029 858 1092 quos
880 1029 943 1073 rex
965 1029 1045 1073 cum
1067 1012 1141 1074 suis
1156 1013 1304 1078 viriliter

352 1109 529 1172 insecutus
561 1109 676 1172 sexies
707 1109 832 1189 viginti
863 1128 909 1171 ex
944 1110 994 1171 eis
1027 1110 1212 1187 interfecit,
1242 1113 1300 1176 ubi

352 1208 458 1271 etiam
481 1227 526 1272 ex
553 1207 685 1271 familia
706 1208 798 1288 regis
825 1207 1057 1288 quadraginta
1081 1207 1151 1271 duo
1176 1210 1304 1274 milites

352 1307 571 1384 ceciderunt;
599 1307 746 1388 paganis
767 1306 875 1386 igitur
894 1306 939 1368 ad
961 1325 1055 1369 mare
1075 1306 1300 1388 fugientibus,

352 1407 466 1468 ventis
490 1406 526 1467 in
553 1405 763 1468 contrarium
786 1403 991 1485 fugientium
1017 1405 1208 1486 piratarum
1231 1410 1302 1490 spi·

353 1505 523 1579 rantibus,
539 1503 658 1567 fractis
678 1504 825 1566 navibus
840 1502 1059 1584 naufragium
1073 1505 1303 1585 pertulerunt,

353 1620 441 1683 quos
463 1602 612 1665 ministri
633 1603 725 1683 regis
746 1602 1072 1683 comprehendentes
1096 1612 1133 1666 et
1155 1603 1302 1669 vinculis

352 1700 558 1762 arctioribus
597 1701 887 1781 constringentes,
918 1701 996 1782 ipso
1031 1721 1113 1781 rege
1143 1701 1302 1784 jubente,

352 1815 472 1859 omnes
510 1797 665 1879 patibulo
700 1799 965 1879 suspenderunt.
1032 1799 1168 1862 Deinde
1201 1821 1302 1867 omne

353 1902 501 1976 tempus,
534 1914 603 1977 quo
636 1915 700 1959 rex
735 1898 941 1979 supervixit,
972 1916 1116 1980 regnum
1146 1899 1183 1961 iu
1215 1919 1302 1982 pace

353 2000 521 2071 tractans,
551 2001 646 2058 totus
676 1996 947 2059 conversabatur
974 1997 1010 2059 in
1038 1999 1302 2063 restaurationi-

352 2093 417 2156 bus
447 2092 681 2170 ecclesiarum,
712 2095 748 2157 in
776 2094 961 2175 largitione
994 2094 1300 2178 eleemosynarum,

352 2190 389 2253 in
412 2193 660 2274 compositione
685 2192 813 2274 legum,
839 2194 964 2275 quibus
988 2194 1173 2258 milvorum
1200 2214 1302 2278 rapa·

353 2290 440 2353 citas
467 2292 711 2372 reprimeretur
736 2299 771 2355 et
801 2292 951 2373 simplex
982 2292 1135 2355 fidelium
1161 2293 1302 2359 devotio

352 2387 558 2453 firmaretur.

397 2542 535 2626 Repetam
556 2542 801 2607 Weat-socouum
815 2542 880 2607 siue
893 2542 1060 2628 mespoli
1074 2546 1243 2630 carescit.

206 2736 220 2764 u
295 2703 302 2715 ·
402 2665 507 2730 Anno
540 2667 680 2730 Domini
711 2684 907 2731 noccxc1x.
935 2668 1115 2732 Romanus
1144 2670 1235 2734 sedit
1263 2672 1299 2735 in

353 2765 518 2828 cathedra
545 2765 707 2830 Romana
736 2767 910 2830 mensibus
941 2775 1090 2849 quatuor
1119 2776 1155 2832 et
1180 2770 1300 2833 diebus

353 2863 477 2944 viginti
500 2862 657 2941 duobus;
689 2865 745 2927 cui
770 2865 956 2928 succedens
972 2865 1189 2945 Theodorus,
1211 2869 1301 2932 sedit

351 2962 388 3025 in
404 2962 569 3026 cathedra
583 2963 702 3025 diebus
718 2964 842 3043 viginti
864 2983 938 3028 sex.
990 2955 1164 3030 Successit
1187 2968 1219 3030 ei
1241 2987 1299 3030 eo·

351 3060 429 3124 dem
449 3080 540 3125 anno
551 3061 574 3125 J
578 3061 731 3124 ohannes
747 3061 883 3125 duobus
899 3063 999 3125 annis
1014 3070 1050 3126 et
1065 3063 1185 3127 diebus
1200 3067 1300 3148 quin·

350 3159 473 3224 decim.
514 3159 645 3223 Eodem
662 3177 766 3236 anno,
780 3159 943 3224 defuncto
957 3154 1204 3239 ¹Ethelwaldo,
1223 3163 1299 3227 Sci·

352 3260 551 3321 rebumensi
565 3259 740 3341 episcopo,
760 3260 925 3322 remansit
939 3259 1119 3342 provincia
1138 3261 1299 3326 occiden-

351 3356 472 3419 talium
486 3357 665 3420 Saxonum
682 3355 756 3419 sine
772 3356 942 3438 episcopis
963 3366 999 3422 et
1017 3377 1102 3421 cura
1119 3361 1299 3441 pastorali,

350 3455 386 3517 vi
403 3454 615 3532 hostilitatis,
632 3462 764 3537 septem
782 3455 894 3520 aunis.

453 3619 502 3681 De
515 3627 609 3682 uwrte
622 3618 729 3703 stupui
743 3618 821 3704 repis
835 3617 966 3702 Alsredi
980 3627 1008 3684 et
1021 3620 1203 3685 moenem

737 3717 925 3781 Eadwurdi.

400 3836 505 3900 Anno
525 3838 667 3903 Domini
687 3857 812 3904 nocco.
834 3834 996 3904 ²Carolus
1019 3860 1165 3922 regnum
1189 3844 1300 3907 susci·

385 4003 584 4070 ¹Etl1elwoldo.]
601 4008 722 4056 Whurtou
744 4008 767 4057 is
783 4009 812 4057 ol
835 4009 907 4069 place
926 4008 1011 4057 before
1030 4011 1096 4067 9093
1108 4008 1187 4070 Angl.
1199 4010 1270 4059 Sacr.
1282 4011 1300 4060 i.

349 4077 450 4137 opinion
461 4077 516 4126 that
526 4077 568 4125 the
580 4091 623 4125 sse
634 4077 663 4125 of
670 4077 809 4126 Sberbome
834 4093 861 4138 p.
872 4083 930 4127 eet.
954 4078 1035 4126 There
1047 4079 1069 4126 is
1080 4092 1112 4126 no
1122 4079 1300 4140 mut-worthy

349 4161 403 4195 was
415 4146 473 4195 held
485 4146 519 4206 by
527 4145 606 4194 Aeser
614 4144 676 4194 from
687 4150 736 4194 879
745 4147 809 4194 until
834 4147 954 4196 evidence
965 4152 991 4195 to
1002 4161 1078 4208 prove
1089 4146 1132 4194 the
1143 4151 1270 4209 contrary.

348 4215 388 4264 hls
409 4214 495 4277 death,
516 4214 601 4263 which
622 4214 667 4263 did
686 4220 729 4263 not
748 4216 809 4265 take
868 4212 1170 4277 ’Carolm...regawit
1180 4217 1253 4266 aaa&
1262 4217 1299 4265 ci·
