3000 5004
441 438 506 501 192
691 451 825 499 noonnr
851 452 898 498 on
921 449 1126 499 wnnoovnn

279 623 388 667 rumor
441 607 550 671 crebri
577 608 828 670 teterrimarum
853 607 947 689 globi
975 607 1203 684 flammarum,
1226 607 1328 689 quasi
1349 608 1393 673 de

279 675 419 717 mm
441 713 547 788 puteo
562 725 689 786 magno
705 705 966 783 adscendentes
985 715 1020 770 et
1037 725 1174 770 rursum
1191 707 1226 769 in
1245 707 1392 771 eundem

441 804 658 884 decidentes;
689 825 859 887 quocum
883 805 1069 887 perductus
1092 804 1244 882 fuissem,
1267 806 1392 870 ductor

442 923 540 979 meus
564 912 706 985 repente
730 903 912 986 disparuit,
939 923 981 967 ac
1007 923 1061 966 me
1086 903 1199 967 solum
1222 905 1258 967 in
1277 905 1391 970 medio

442 1004 659 1066 tenebrarum
690 1010 726 1066 et
758 1001 937 1066 horrendae
961 1002 1106 1066 visionis
1136 1002 1288 1086 reliquitss
1339 1003 1391 1069 At

441 1121 519 1165 cum
541 1100 644 1165 iidem
659 1101 752 1183 globi
766 1101 899 1183 ignium
913 1101 988 1165 sine
1010 1101 1266 1165 intermissione
1287 1103 1390 1168 modo

441 1201 514 1265 alta
532 1207 700 1282 peterent,
717 1201 819 1263 modo
834 1199 879 1264 ad
900 1200 971 1263 ima
989 1200 1120 1264 baratri
1136 1200 1299 1277 redirent,
1314 1220 1389 1265 cer·

440 1319 486 1362 no
508 1301 624 1364 omnia
639 1319 719 1382 quae
738 1298 994 1364 adscendebant
1011 1298 1153 1380 fastigia
1172 1298 1389 1365 flammarum

439 1400 543 1481 plena
564 1418 641 1462 esse
661 1399 839 1481 spiritibus
864 1397 1052 1475 hominum,
1068 1398 1139 1480 qui,
1159 1398 1273 1463 instar
1288 1398 1391 1463 savil-

439 1498 551 1561 larum
572 1517 650 1562 cum
669 1497 764 1562 sumo
787 1496 1082 1573 adscendentium,
1100 1516 1191 1561 nunc
1210 1497 1256 1560 ad
1279 1499 1389 1562 subli-

440 1598 550 1661 miora
563 1597 823 1680 projicerentur,
838 1615 929 1659 nune
950 1597 1109 1659 retractis
1129 1597 1261 1677 ignium
1278 1616 1387 1680 vapo-

441 1697 536 1759 ribus
568 1695 604 1759 in
629 1695 835 1777 profundum
867 1696 1087 1774 laberentur3
1124 1694 1186 1758 sed
1217 1702 1254 1758 et
1282 1695 1389 1760 ioetor

440 1792 718 1876 incomparabilis
745 1815 823 1859 cum
845 1794 972 1858 eisdem
997 1794 1184 1876 vaporibus
1207 1793 1388 1873 ebulliens,

441 1894 557 1957 omnia
584 1892 646 1956 illa
674 1895 892 1957 tenebrarum
920 1894 998 1957 loca
1027 1894 1279 1975 corrumpebat.
1340 1893 1389 1958 Et

440 2011 519 2055 cum
535 1991 660 2056 ibidem
684 1992 815 2057 diutius
836 1992 1059 2056 consisterem
1078 1992 1238 2074 pavidus,
1252 1999 1287 2054 et
1303 1993 1387 2075 quid

440 2109 578 2172 agerem
596 2092 760 2168 incertus,
776 2091 879 2156 audio
898 2091 1013 2155 subito
1034 2097 1115 2173 post
1137 2099 1273 2172 tergum
1292 2093 1389 2155 soni·

440 2198 515 2253 tum
534 2191 717 2253 miserrimi
738 2191 840 2255 fletus
862 2197 898 2253 et
918 2189 1122 2253 cachinnum
1145 2189 1388 2254 insultantium

439 2288 699 2366 daemoniorum,
723 2289 782 2372 qui
812 2289 937 2353 clarior
959 2287 1101 2352 effectus
1128 2287 1251 2351 adme
1276 2307 1388 2371 usque

439 2389 617 2469 pervenit3
637 2388 695 2451 ubi
713 2388 850 2451 turbam
865 2387 1048 2469 spirituum
1062 2387 1292 2468 malignorum
1307 2406 1390 2451 con·
1426 2450 1432 2461 ,

438 2485 599 2562 sideravi,
616 2505 695 2567 quae
712 2487 845 2549 animas
861 2484 1037 2549 hominum
1055 2493 1241 2549 moerentes
1260 2494 1296 2550 et
1313 2486 1389 2569 eju·

439 2584 564 2661 lantes,
577 2585 654 2666 ipsa
673 2584 820 2648 multum
842 2585 1016 2662 exultans
1032 2584 1111 2647 illas
1128 2585 1163 2648 in
1184 2584 1315 2648 medias
1337 2592 1389 2650 te-

439 2684 564 2746 nebras
585 2684 760 2762 detrusit3
792 2682 990 2766 factumque
1016 2691 1081 2760 est,
1106 2691 1146 2747 ut
1174 2682 1291 2747 fletum
1324 2682 1388 2748 ho·

440 2782 570 2844 minum
596 2783 770 2865 risumque
797 2783 1045 2847 daemoniorum
1074 2783 1166 2846 clare
1193 2783 1388 2847 discernere

438 2882 626 2964 nequirem,
646 2901 771 2945 sonum
785 2888 900 2945 tamen
915 2882 1100 2964 promiscui
1117 2901 1222 2945 sexus
1236 2881 1273 2944 in
1294 2881 1387 2945 auri·

438 2983 502 3045 bus
526 2981 698 3053 haberem.
749 2978 1014 3044 Adscenderunt
1038 2981 1178 3063 quidam
1203 2981 1389 3062 spirituum

439 3082 662 3144 obscurorum
677 3081 719 3143 de
734 3080 860 3163 abysso
878 3080 939 3143 illa
956 3078 1199 3157 flammivoma,
1214 3087 1250 3143 et
1265 3079 1388 3143 adcur-

439 3186 554 3243 rentes
572 3178 869 3243 circumdederunt
888 3187 1064 3260 meatque
1083 3179 1192 3242 oculis
1207 3179 1388 3242 flamman-

438 3279 531 3342 tibus
561 3279 663 3341 etde
689 3297 748 3342 ore
773 3297 815 3341 ac
842 3278 983 3341 naribus
1008 3278 1123 3358 ignem
1146 3277 1307 3341 soetidnm
1337 3277 1388 3341 ef·

439 3377 562 3440 flantes
588 3378 775 3458 angebant,
798 3375 1053 3459 forcipibusque
1079 3377 1203 3458 igneis,
1225 3395 1313 3458 quos
1335 3384 1388 3440 te·

438 3477 567 3539 nebant
588 3477 624 3539 in
647 3476 817 3553 manibus,
833 3494 888 3537 me
907 3474 1195 3557 comprehendere
1216 3475 1390 3540 conaban-

438 3582 507 3650 tur,
523 3593 586 3637 nec
610 3582 725 3637 tamen
747 3595 802 3637 me
824 3574 997 3638 ullatenus
1021 3575 1232 3656 contingere,
1248 3573 1388 3638 tametsi

438 3679 567 3735 terrere
598 3674 865 3753 praesumebant.
918 3673 1075 3756 Cumque
1102 3673 1259 3738 hostibus
1284 3672 1387 3736 undi-

438 3789 505 3851 que
521 3770 711 3852 praeclusus
728 3789 770 3834 ac
787 3772 937 3835 tenebris
954 3772 1021 3835 huc
1041 3779 1146 3854 atque
1167 3771 1250 3836 illuc
1267 3773 1389 3836 oculos

438 3867 703 3947 circumferrem,
727 3869 757 3932 si
785 3870 874 3933 forte
897 3871 1026 3954 aliquid
1056 3890 1125 3953 quo
1148 3870 1303 3935 salvarer
1325 3870 1388 3934 ad-

438 3968 584 4044 veniret,
606 3968 769 4050 apparuit
794 3977 899 4047 retro,
921 3971 980 4033 via
1001 3990 1071 4053 qua
1090 3989 1265 4047 veneram,
1288 3970 1389 4052 quasi

438 4067 553 4149 sulgon
578 4068 738 4132 micantis
763 4068 874 4132 stellae
901 4069 991 4132 inter
1019 4071 1191 4146 tenebras,
1215 4070 1274 4151 qui
1299 4088 1388 4151 pau·

438 4167 536 4232 latim
558 4187 715 4232 crescens
739 4176 773 4232 et
796 4168 839 4232 ad
860 4187 914 4231 me
932 4168 1111 4245 festinans,
1127 4170 1186 4232 ubi
1201 4168 1388 4252 appropin-
