3000 5004
461 447 595 495 reeens
619 448 888 497 ursronmuuu.
1086 434 1151 499 331

200 605 309 683 vitiis,
326 624 395 669 non
407 606 519 670 solnm
535 624 642 688 panes
660 604 801 688 giravit,
810 626 929 672 verum
944 607 1049 671 etiam
1065 608 1153 672 bene

201 713 320 769 coctos
336 712 372 769 et
389 706 544 787 integros
569 704 703 769 mulieri
726 707 925 788 resignavit
979 704 1067 770 Cum
1090 727 1152 770 au-

204 812 273 868 tem
297 825 360 868 rex
379 803 542 868 Alsredus
565 824 643 868 cum
666 806 811 870 subulco
836 806 931 869 solus
954 804 1153 870 demoratus

203 903 338 981 suisset,
356 912 592 968 convenerunt
608 904 652 967 ad
675 923 752 967 eum
770 905 819 967 ibi
836 905 936 968 multi
955 924 999 968 ex
1013 907 1154 969 commi-

203 1002 370 1067 litonibus
385 1003 474 1087 ejus,
482 1004 553 1080 nbi,
566 1023 648 1085 rege
658 1002 824 1080 dictante,
836 1003 1034 1068 firmitatem
1046 1024 1156 1087 quan·

204 1100 284 1165 dam
300 1103 454 1166 turribus
471 1110 506 1167 et
523 1102 793 1185 propugnaculis
810 1103 977 1166 munitam
998 1112 1155 1168 constru-

203 1208 301 1265 entes
317 1202 476 1266 assiduas
492 1202 528 1265 in
545 1202 664 1266 hostes
679 1202 890 1285 irruptiones
907 1201 1074 1266 feceruut.

225 1373 269 1440 Ut
281 1397 336 1440 res
348 1375 503 1461 Alsredee
518 1396 541 1440 e
554 1383 658 1441 macto
672 1375 790 1441 Neotlo
802 1384 964 1463 muetoque
980 1373 1140 1442 euroboreo

553 1474 743 1560 confortatos
759 1484 811 1540 est.

256 1591 431 1681 Contigit¹
464 1598 585 1662 eodem
617 1606 770 1681 tempore
808 1619 924 1682 regem
963 1598 1157 1676 Alfredum,
1171 1620 1312 1661 leuma-

205 1705 365 1762 sanctum
383 1696 573 1775 Neotbum,
587 1698 647 1781 qui
670 1705 753 1761 tunc
773 1697 865 1781 apud
880 1697 1078 1763 Hamstoke
1100 1717 1157 1763 so·
1170 1671 1320 1761 l'ffillffl·

206 1797 356 1861 reusam
385 1798 513 1878 agebat
527 1799 648 1873 vitam,
676 1797 915 1862 aedificationis
937 1798 1053 1879 gratia
1078 1771 1281 1862 visi-⁰¹²‘l'm

208 1904 307 1975 tare;
331 1915 434 1978 quem
451 1897 506 1960 vir
527 1896 594 1960 Dei
612 1895 773 1961 Neotbus
799 1898 891 1961 inter
916 1897 985 1960 alia
1010 1897 1158 1961 familia·

207 1996 321 2060 ritatis
349 1995 523 2077 colloquia
548 1996 674 2059 acriter
704 1996 748 2060 de
775 1997 847 2059 suis
881 1997 999 2078 pravis
1023 1998 1158 2060 actibus

207 2095 412 2178 increpavit,
430 2114 553 2177 poenas
570 2095 660 2178 ignis
676 2096 796 2158 aeterni
812 2095 984 2177 adposuit,
999 2102 1159 2177 potentes

208 2200 368 2277 potenter
391 2202 564 2259 tormenta
587 2213 750 2277 passuros
780 2194 944 2270 ostendit,
971 2201 1007 2257 et
1032 2201 1160 2276 praeter

210 2293 416 2358 haecomnia
431 2293 513 2371 fere,
529 2313 608 2377 quae
624 2293 657 2357 ei
682 2293 847 2358 adfutura
871 2300 982 2369 erant,
999 2312 1159 2375 praesago

209 2393 334 2477 spiritu
360 2394 539 2458 revelavit.
585 2392 662 2457 ‘Ab
684 2393 903 2469 adversariis,
926 2392 1013 2470 rex,'
1033 2393 1159 2476 inquit,

209 2493 341 2558 ‘multa
354 2495 496 2575 pateris,
513 2492 574 2557 sed
590 2492 702 2557 adhue
717 2492 827 2556 multa
849 2492 983 2576 majore
996 2492 1159 2575 patieris3

209 2612 291 2656 nam
316 2611 437 2674 regno,
462 2612 532 2676 qno
562 2598 687 2669 tumes,
714 2612 784 2675 quo
810 2591 1069 2657 immoderatam
1100 2591 1160 2656 de·

210 2691 410 2755 bacchando
423 2692 641 2774 tyrannidem
659 2711 811 2767 exerces,
829 2692 921 2755 unde
937 2700 1018 2756 aute
1032 2691 1160 2757 divinae

211 2790 404 2875 majestatis
419 2791 596 2867 intuitum,
611 2792 670 2854 ubi
685 2790 825 2854 humilis
840 2810 1007 2874 apparere
1019 2790 1160 2856 deberes

210 2896 247 2954 et
271 2909 341 2953 non
367 2889 465 2967 facis,
491 2910 513 2954 a
539 2890 700 2972 gentibus
723 2889 900 2953 Christum
923 2891 1161 2971 ignorantibus

210 2988 442 3066 infestaberis,
455 2996 491 3054 et
508 2989 568 3053 vix
584 2990 628 3053 ab
644 2989 714 3053 illis
730 2989 881 3053 evadens
897 2989 1064 3072 profugus
1079 2989 1160 3053 lati·

211 3087 315 3165 tabis,
330 3089 448 3170 sieque
461 3109 523 3171 per
539 3089 613 3153 dies
629 3089 762 3171 aliquot
774 3089 926 3170 peccatis
942 3087 1162 3169 exigentibus

212 3188 451 3271 permanebis3
474 3189 535 3252 sed
550 3194 666 3252 tamen
684 3188 776 3270 apud
793 3187 907 3252 Deum
928 3186 1086 3270 precibus
1101 3188 1163 3252 ob-

213 3287 313 3363 tinui,
338 3287 482 3370 quodsi
504 3295 539 3351 te
564 3306 585 3351 a
604 3287 674 3351 tuis
696 3287 799 3351 saevis
818 3287 1005 3351 retraxeris
1026 3287 1161 3351 actibus

213 3394 249 3450 et
282 3386 434 3450 libidinis
465 3386 643 3464 incendiis,
673 3386 785 3450 adhuc
814 3386 1056 3450 misericordiae
1089 3406 1162 3451 suae

213 3486 348 3549 vultum
374 3505 479 3568 super
504 3494 539 3550 te
562 3485 764 3568 praetendet,
787 3494 993 3569 sceptroque
1016 3484 1162 3567 pristino

213 3592 249 3648 et
275 3585 496 3667 prosperitati
523 3585 707 3649 restituet!
764 3585 841 3649 Rex
867 3604 1017 3667 quoque,
1040 3604 1117 3647 cum
1140 3604 1163 3649 a

211 3683 343 3748 famulo
369 3683 437 3749 Dei
466 3684 541 3748 baec
571 3684 823 3749 exhortationis
853 3686 960 3749 verba
989 3683 1165 3748 humiliter

213 3784 455 3862 intellexisset,
477 3794 582 3866 atque
605 3804 738 3848 morum
762 3785 1036 3849 emendationem
1061 3785 1164 3849 certis

214 3884 458 3965 sponsionibus
476 3884 703 3967 promisisset,
726 3892 870 3967 accepta
886 3885 952 3947 viri
971 3884 1039 3947 Dei
1060 3885 1164 3948 bene·

250 4086 258 4119 ¹
269 4089 384 4150 Contigit
394 4091 474 4138 eedem
487 4085 613 4157 tempore]
625 4090 679 4138 The
704 4096 771 4151 rest3
788 4093 897 4141 allusion
918 4092 1039 4153 probably
1051 4093 1073 4140 is
1092 4093 1165 4141 made

214 4158 311 4207 rebulre
328 4159 357 4206 ol
373 4160 400 4207 S.
420 4160 496 4220 Neot,
515 4175 544 4208 es
564 4160 622 4208 bere
642 4175 680 4208 re·
704 4165 729 4208 to
752 4162 816 4210 itin
839 4161 881 4211 the
903 4162 947 4212 life
964 4162 993 4211 oi
1005 4161 1119 4226 Aclfred,
1138 4178 1164 4224 p.

215 4228 294 4288 latcd,
305 4229 328 4276 is
339 4233 382 4276 not
393 4229 445 4276 told
461 4229 496 4289 by
507 4231 587 4278 Aeser
598 4245 626 4278 or
637 4229 678 4279 the
705 4235 744 4279 ³1.
