3000 5004
477 484 615 532 rnouns
640 488 910 542 nrsrourrauu.
1098 484 1164 547 469

211 639 456 719 regrinatiouis
472 641 753 731 Hierosolymam
768 651 915 716 devotus
930 657 1065 736 petivit.
1091 657 1162 721 Re-

211 748 312 830 liquit
324 756 439 812 autem
450 749 556 811 filium
567 757 779 831 septennem,
790 752 926 816 nomine
936 754 1162 834 Willelmum,

211 866 255 910 ex
284 848 477 911 concubina
502 857 713 930 susceptum,
740 851 840 934 cujus
873 853 1161 933 pulchritudinem

211 946 246 1009 in
269 946 395 1010 chorea
418 948 579 1011 saltantis
610 968 693 1010 casu
723 950 940 1033 conspiciens
969 962 1071 1018 nocte
1100 955 1161 1019 illa

211 1046 397 1109 carnaliter
423 1066 500 1110 cam
526 1049 703 1128 cognovit,
730 1068 833 1130 quam
862 1050 1025 1135 deinceps
1060 1055 1161 1118 unice

211 1145 371 1226 diligens,
386 1146 506 1210 uxoris
529 1146 605 1209 loco
628 1145 722 1209 illam
748 1147 948 1229 aliquandiu
972 1151 1159 1218 adamavit.

212 1243 305 1308 Puer
321 1254 436 1309 autem
462 1266 507 1309 ex
530 1266 572 1309 ea
591 1255 694 1310 natus
711 1245 930 1310 ‘Willclmus
946 1250 1093 1314 nothus'
1108 1235 1162 1316 est

212 1345 418 1427 appellatus,
445 1365 486 1408 eo
513 1346 605 1427 quod
631 1345 674 1408 de
698 1346 917 1411 matrimonio
951 1368 1019 1411 non
1047 1350 1162 1415 fuerat

212 1452 409 1524 generatus.
461 1444 581 1528 Hujus
599 1446 696 1527 pueri
715 1447 987 1526 magnitudinem
1009 1449 1160 1514 futuram

212 1545 334 1607 matris
348 1545 519 1608 somnium
537 1544 724 1621 indicabat,
742 1544 824 1607 dum
840 1546 1006 1610 intestina
1021 1568 1084 1610 sua
1099 1569 1161 1630 per

212 1649 322 1705 totam
345 1642 597 1706 Normanniam
615 1644 750 1707 viderat
765 1652 800 1707 et
817 1643 983 1726 Angliam
999 1647 1159 1728 dilatari;

211 1741 287 1822 ipso
305 1762 442 1825 quoque
466 1751 652 1819 momento,
670 1762 752 1825 quo,
771 1753 873 1825 partu
897 1745 1029 1823 laxato,
1048 1747 1090 1809 ad
1108 1749 1160 1811 vi·

212 1847 283 1903 tam
309 1862 395 1923 puer
422 1842 550 1904 effusus
576 1850 640 1918 est,
670 1850 797 1906 terram
824 1844 954 1924 attigit,
977 1854 1012 1908 et
1040 1849 1159 1910 ambas

211 1959 334 2005 manus
347 1942 467 2025 junco,
486 1962 554 2023 quo
569 1942 805 2023 pavimentum
826 1943 948 2006 domus
966 1946 1159 2025 tegebatur,

209 2040 385 2122 implevit3
410 2048 551 2104 ostenso
567 2042 674 2121 igitur
687 2041 929 2105 obstetricibus
952 2045 1084 2108 somnio
1100 2065 1159 2107 su·

209 2141 377 2221 pradicto,
394 2141 477 2203 laeto
495 2142 619 2222 plausu
644 2160 763 2202 omnes
786 2160 901 2220 regem
919 2141 1072 2205 suturum
1095 2164 1159 2226 pu·

208 2259 303 2302 erum
321 2241 595 2304 conclamabant.
643 2239 727 2301 Dux
744 2240 852 2320 igitur
868 2240 1055 2318 Robertus,
1072 2241 1160 2306 Hie-

210 2340 417 2422 rosolymam
446 2340 676 2421 profecturus
710 2339 802 2420 apud
840 2339 1049 2402 Fiscanuum
1080 2362 1159 2422 pro-

209 2457 304 2502 ceres
331 2440 374 2502 ad
398 2439 608 2521 colloquium
631 2439 782 2514 vocavit,
799 2439 914 2519 ibique
931 2438 1156 2517 Willelmum,

208 2537 316 2601 filium
351 2558 463 2613 suum,
497 2537 666 2601 haeredem
695 2538 760 2601 sibi
785 2538 1011 2614 constituens
1039 2558 1157 2604 omnes

207 2637 289 2701 sccit
304 2658 410 2720 puero
433 2637 633 2701 fidelitatem
649 2636 780 2720 jurare.
834 2637 958 2701 Comes
976 2636 1156 2703 Gilbertus

207 2744 304 2801 tutor
329 2737 427 2820 pueri
452 2737 687 2813 constituitur,
711 2745 746 2800 et
764 2738 874 2800 tutela
903 2739 1029 2801 tutoris
1057 2737 1156 2802 Hen-

207 2837 290 2912 rico,
308 2838 381 2918 regi
401 2836 626 2912 Francorum,
644 2855 686 2899 eo
708 2843 811 2918 pacto
832 2838 1043 2922 conceditur,
1061 2845 1112 2914 ut,
1126 2839 1156 2900 si

207 2929 320 3017 pater¹
338 2936 484 3000 termino
496 2935 641 3017 praefixo
659 2954 727 2997 non
742 2935 891 3011 redierit,
904 2935 1080 2999 Willclmo
1092 2937 1156 2999 du-

206 3043 305 3098 catus
324 3033 549 3099 Normanniae
565 3035 672 3097 libera
693 3034 918 3116 dispositione
935 3034 1154 3099 concedatur.

208 3134 277 3197 Per
305 3135 395 3198 idem
431 3143 567 3217 tempus
601 3133 739 3207 Hacon,
777 3152 892 3197 comes
923 3133 1155 3214 supradictus,

205 3234 301 3298 obiit.

358 3408 447 3487 Quod
460 3430 515 3471 roc
532 3408 630 3472 Uncto
646 3408 777 3471 Romam
786 3407 946 3491 profectos
959 3415 1011 3470 est.

255 3531 359 3596 Anno
388 3532 528 3597 Domini
555 3548 697 3595 mxxxu
722 3551 784 3593 rex
803 3530 997 3610 Anglorum
1025 3537 1062 3593 et
1084 3530 1296 3634 Dafssqflgssffi

205 3652 327 3696 norum
347 3631 462 3695 Cnuto
477 3631 750 3713 potentissimus
766 3650 844 3692 cum
860 3630 989 3694 honore
1004 3630 1155 3693 maximo
1169 3643 1244 3685 Rome·

204 3726 372 3796 ²Romam
399 3732 588 3813 profectus,
611 3731 768 3813 ingentia
790 3730 882 3794 dona
904 3737 1026 3795 sancto
1049 3729 1155 3793 Petro

238 3987 339 4039 ¹Puter
356 3991 458 4038 irmino
475 3990 600 4055 proeflxo]
625 3991 668 4040 lle
729 3988 852 4040 ’Bonum
870 3985 1013 4057 profectus]
1032 3991 1156 4052 Compare

202 4061 272 4121 died,
283 4061 420 4122 according
437 4066 462 4109 to
481 4061 523 4110 the
535 4076 604 4110 same
623 4076 668 4109 au·
693 4061 744 4110 this
760 4066 868 4110 account
879 4060 908 4109 ol
916 4054 1004 4110 Cnut¹s
1010 4061 1119 4120 journcy
1130 4063 1156 4108 to

202 4130 343 4191 thority,at
362 4131 463 4192 Nicaea,
474 4146 506 4179 on
525 4129 565 4178 his
582 4136 667 4178 retum
694 4132 772 4179 Rome
783 4131 845 4179 with
863 4131 918 4178 that
935 4131 969 4190 by
987 4129 1156 4190 Malmsbury‚

201 4200 264 4249 {rom
275 4201 430 4262 Jerusalem,
441 4216 472 4249 ou
483 4201 526 4249 the
541 4201 592 4249 2nd
603 4201 666 4262 July
692 4215 718 4260 p.
747 4204 804 4263 308,
827 4201 877 4249 aud
902 4200 1031 4260 Florence,
1054 4198 1088 4246 ad
1112 4212 1155 4248 nn.

203 4274 283 4331 10ῧῆ
301 4287 326 4331 p.
339 4274 397 4319 648.
694 4273 764 4319 1⁰81.
