3000 5004
465 477 606 525 neonus
629 478 900 528 uisronmauu.
1092 468 1159 531 449

203 628 325 696 denter
342 641 489 716 apparet
509 634 624 715 ipsum
645 633 838 697 naturalem
859 653 927 698 non
950 653 1025 697 esse
1046 635 1159 698 domi·

204 749 286 793 num
317 732 378 795 sed
410 740 607 816 tyrannum.
661 732 862 797 Haesitabat
894 734 1045 816 populus
1073 735 1155 816 quid

204 828 345 907 faceret,
368 833 452 916 quia
473 833 504 896 si
525 833 654 895 bellum
677 840 859 915 quaereret,
883 833 1060 897 ductorem
1086 853 1156 898 non

204 928 359 1007 haberet,
381 933 410 995 si
433 932 681 1016 subjectionem
700 932 854 1012 eligeret,
871 940 1058 1015 tyrannum
1080 952 1156 997 rec·

203 1035 313 1093 torem
328 1029 491 1109 baberet3
514 1031 574 1094 sed
590 1032 830 1094 necessitatem
846 1033 1058 1113 patientibus
1075 1053 1156 1114 pro·

203 1128 292 1209 pitia
307 1148 444 1213 semper
465 1129 629 1194 divinitas
652 1148 722 1193 non
743 1130 899 1211 permisit
914 1128 1079 1211 Angliam
1094 1131 1154 1194 diu

204 1226 240 1289 in
274 1236 328 1292 tot
364 1230 620 1294 calamitatibus
652 1228 832 1306 fluctuare,
863 1228 1032 1311 siquidem
1062 1230 1154 1293 idem

204 1332 372 1408 tyrannus
396 1322 448 1392 ¹in
467 1328 707 1411 purificatione
729 1329 841 1391 beatae
860 1328 996 1404 Mariae,
1018 1335 1057 1391 ut
1076 1330 1155 1409 qni-

203 1424 282 1489 dam
315 1428 538 1510 scripserunt,
567 1428 737 1491 incertum
764 1448 833 1509 quo
864 1428 984 1490 mortis
1016 1447 1153 1507 genere,

202 1525 309 1590 vitam
333 1527 481 1610 turpiter
500 1527 708 1592 terminavit.
760 1523 823 1589 ²ln
843 1527 931 1590 libro
951 1535 1067 1590 autem
1091 1528 1154 1589 mi·

203 1626 398 1690 raenlorum
428 1628 540 1691 sancti
574 1628 666 1708 regis
696 1633 732 1689 et
761 1627 923 1708 martyris
957 1626 1153 1691 Eadmundi

202 1726 369 1807 scriptum
394 1728 575 1808 reperitur,
595 1725 686 1807 quod
712 1724 795 1788 dum
816 1725 906 1789 idem
926 1726 1064 1789 Suanus
1089 1726 1153 1789 im·

203 1825 373 1905 portabile
405 1827 570 1889 tributum
600 1825 643 1888 de
675 1825 799 1906 burgo,
828 1826 885 1888 ubi
916 1845 1041 1908 corpus
1069 1825 1154 1890 dicti
1194 1811 1199 1821 ¹

203 1925 365 2006 martyris
388 1926 584 2006 requiescit,
609 1932 643 1987 et
664 1925 765 1987 terris
781 1925 858 2007 ejus
878 1925 1072 2007 ubicunque
1090 1946 1152 2007 po-

202 2022 278 2086 sitis
302 2024 470 2105 exigeret,
485 2032 521 2088 et
537 2024 650 2107 ipsum
671 2031 859 2108 martyrem
881 2024 929 2087 nil
954 2025 1151 2087 sanctitatis

202 2120 327 2186 habere
343 2121 540 2199 affirmaret,
556 2123 733 2187 abeodem
751 2125 882 2204 sagitta
898 2122 944 2185 sit
959 2121 1151 2199 confossus,

203 2231 309 2304 atque
325 2222 401 2286 diro
416 2224 570 2306 corporis
587 2223 743 2286 cruciatu
756 2215 877 2285 ³tertio
891 2240 1001 2283 nonas
1018 2220 1152 2283 Febru-

203 2322 267 2384 arii
280 2321 325 2385 ad
342 2328 476 2386 tartara
488 2321 732 2398 transmissus;
758 2340 827 2403 quo
844 2320 1018 2395 defuncto,
1033 2338 1152 2384 omnes

204 2419 383 2486 Danorum
400 2422 557 2486 nationes
577 2421 620 2484 ad
638 2420 831 2483 Cnutonem
852 2420 960 2483 lilium
977 2418 1053 2501 ejus
1069 2438 1152 2482 con·

203 2518 379 2601 fugerunt,
399 2522 458 2603 qui
483 2528 565 2587 tunc
591 2521 626 2582 in
652 2518 835 2582 Lindeseia
860 2526 947 2595 erat,
971 2518 1031 2581 ubi
1054 2527 1155 2600 pater

203 2619 279 2702 ejus
298 2618 412 2702 ipsum
434 2639 512 2683 cum
536 2619 647 2682 classe
668 2626 702 2681 et
720 2619 896 2681 obsidibus
912 2618 1101 2693 dimiserat,
1119 2626 1155 2682 et

203 2718 247 2781 ad
271 2739 350 2783 eum
374 2719 551 2783 venientes
575 2719 616 2781 in'
638 2737 753 2798 regem
780 2725 814 2781 et
842 2717 1017 2781 dominum
1039 2718 1154 2799 elege-

203 2826 296 2883 runt.

227 2990 316 3070 Quod
329 3013 383 3056 ree
398 2992 581 3057 Etlelredae
595 2992 631 3055 ia
647 2991 800 3077 Angitiam
815 3013 950 3055 reversae
969 2992 1133 3054 Utilitatem

545 3089 618 3156 bello
633 3092 805 3176 superavit.

254 3214 324 3278 His
340 3215 447 3297 igitur
461 3216 512 3280 itu
524 3216 646 3297 gestis,
656 3207 756 3297 ⁴gens
769 3213 964 3296 Anglornm
979 3213 1021 3275 ad
1038 3232 1155 3294 regem
1167 3198 1283 3320 paim

206 3313 427 3377 Ethelredum
452 3316 489 3379 in
506 3316 757 3379 Normanniam
781 3314 921 3377 nuntios
942 3313 1155 3390 direxerunt,
1285 3307 1290 3316 '

204 3413 408 3478 mandantes
437 3434 474 3478 se
505 3415 638 3478 nullum
661 3413 739 3496 plus
767 3430 884 3475 amare
909 3431 1013 3494 quam
1042 3412 1156 3494 ipsum

205 3519 244 3575 nt
264 3512 440 3577 dominum
464 3534 566 3578 snum
585 3512 792 3588 naturalem,
814 3512 844 3574 si
866 3511 983 3575 mitius
1003 3528 1063 3573 eos
1083 3509 1155 3572 vel-

204 3610 253 3674 let
267 3631 371 3694 quam
394 3613 491 3695 prius
514 3614 643 3677 iecerat
662 3620 840 3689 tractare3
867 3611 993 3692 quibus
1015 3609 1155 3685 auditis,

204 3730 267 3774 rex
284 3711 517 3776 Eadwardum
532 3714 640 3776 filium
660 3732 761 3776 suum
778 3730 857 3775 cum
877 3710 1002 3792 legatis
1026 3709 1069 3773 ad
1095 3724 1154 3772 eos

241 3915 248 3946 ¹
262 3912 292 3961 Ia
305 3911 504 3978 pun'jicutienef]
521 3912 564 3960 the
579 3912 629 3961 2nd
640 3912 670 3960 al
677 3917 679 3923 '
728 3909 916 3959 ’Tertianarum
922 3908 1076 3974 Februarii]
1087 3910 1157 3960 Cau·

206 3984 343 4043 February.
692 3981 868 4040 dlemasfiam
887 3979 1051 4028 Sax.Chron.

239 4049 290 4100 'In
312 4051 374 4101 libro
395 4051 508 4114 autem]
544 4049 667 4111 Compare
731 4048 822 4098 ⁴Gene
836 4047 974 4110 Anglarum
993 4050 1024 4095 ad
1042 4041 1154 4113 regem]

206 4122 368 4172 llermannus
383 4122 416 4170 de
432 4120 563 4170 miraculis
579 4120 605 4168 S.
617 4119 670 4168 Ed·
693 4119 748 4166 'l'he
759 4124 867 4168 account
874 4118 902 4166 os
907 4111 1156 4165 nerhened’mtum

206 4192 305 4254 mundi,
313 4191 374 4240 with
388 4191 430 4239 the
441 4195 563 4240 accounts
569 4190 603 4249 by
612 4188 669 4237 Flo·
694 4189 717 4237 ia
727 4188 804 4237 taken
815 4187 906 4248 chiefly
913 4186 977 4234 from
986 4185 1115 4244 Florence,
1123 4184 1156 4233 ad

206 4275 280 4312 renea
291 4261 342 4310 and
353 4261 463 4311 Simeon.
695 4273 737 4307 un.
750 4261 823 4306 1⁰1⁴.

258 4351 338 4399 von.
362 4350 385 4397 1.
940 4329 962 4392 2
984 4346 1005 4389 a
