3000 5004
414 460 553 509 nnonns
578 460 847 508 rnsronrnnuu.
1060 442 1105 504 43

151 633 256 677 onum
270 615 306 678 in
325 614 465 695 Cantia,
480 637 501 680 a
516 636 586 699 quo
602 636 702 698 reges
719 615 856 681 Cantiae
870 634 981 698 usquc
1001 615 1102 679 hodio

150 711 392 797 ‘Aeskynges’
410 724 590 781 vocantur.
644 715 799 779 Dederat
816 734 965 797 namque
979 714 1099 779 Vorti-

150 831 277 893 gernus
293 815 507 896 provinciam
527 816 624 879 illam
643 814 818 896 Hengiste
842 834 905 897 pro
930 814 1002 878 filia
1023 834 1100 892 sua,

151 920 190 975 ut
209 906 385 996 ¹superius
402 915 547 980 relatum
564 922 629 992 est,
644 916 744 979 etsie
763 933 839 978 earn
861 914 1101 997 annisviginti

150 1021 311 1092 quatuor,
329 1014 429 1097 quasi
441 1014 521 1099 jure
537 1013 768 1091 haereditario,
783 1013 993 1096 possidebat.

316 1184 358 1248 Ut
375 1184 452 1249 Oeta
466 1185 710 1250 misericordiam
723 1179 945 1270 impetraverit.

201 1306 305 1371 Anno
321 1307 444 1389 gratiae
462 1324 614 1372 ccccxc.
632 1306 797 1385 Aurelius
808 1306 1015 1371 Ambrosius
1037 1326 1099 1370 ex·
1113 1328 1223 1417 poam

151 1408 295 1470 ercitum
322 1426 424 1470 suum
453 1407 555 1471 duxit
589 1407 633 1471 ad
668 1408 876 1483 Eboracum,
904 1414 944 1469 ut
975 1405 1100 1471 Oetam
1112 1388 1237 1476 alid·

151 1505 258 1568 filium
276 1504 442 1588 chgisti
460 1514 690 1588 expugnaret.
744 1505 900 1588 Cumque
922 1506 1099 1569 civitatem
1114 1476 1178 1517 ω’

151 1605 354 1683 obsedisset,
378 1606 551 1670 dubitavit
572 1605 662 1670 Octa
685 1605 804 1669 urbem
825 1612 947 1668 contra
966 1612 1099 1669 tantam

152 1705 407 1769 multitudinem
433 1706 602 1785 retinere3
628 1705 882 1769 communicato
904 1705 1023 1787 itaque
1045 1723 1101 1769 sa-

152 1804 242 1867 lubri
271 1804 428 1882 consilio,
457 1824 619 1887 egressus
651 1812 704 1869 est
734 1824 811 1867 cum
846 1802 1018 1867 nobilibus
1039 1805 1100 1885 qui
1125 1877 1128 1883 ,

150 1923 267 1967 secum
293 1912 406 1982 crant,
424 1911 459 1968 et
484 1923 561 1968 sese
582 1924 733 1987 suosque
754 1904 828 1984 regi
847 1904 883 1966 in
906 1902 980 1966 haec
995 1904 1102 1967 verba

153 2004 390 2084 praesentavit,
405 2003 525 2068 ‘Victi
542 2011 625 2067 sunt
640 2003 687 2066 dii
704 2003 783 2080 mei,
804 2003 986 2085 Deumque
1002 2010 1100 2066 tuum

153 2121 299 2183 regnare
320 2122 390 2166 non
412 2103 547 2180 haesito,
563 2104 623 2185 qui
638 2110 692 2167 tot
709 2103 841 2167 nobiles
864 2102 908 2165 ad
931 2103 1100 2165 tevenire

152 2202 340 2283 compellit.
391 2199 521 2284 Accipe
544 2222 629 2285 crgo
656 2221 732 2279 nos,
757 2210 793 2265 et
816 2201 882 2264 nisi
907 2201 1100 2265 misericor·

152 2300 243 2363 diam
259 2300 496 2378 adhibueritis,
511 2303 555 2365 ad
571 2300 802 2384 quodcunque
813 2299 1019 2382 supplicium
1038 2319 1100 2364 vo·

151 2399 302 2465 luntarie
330 2401 494 2483 paratos!
546 2400 667 2465 Motus
696 2401 804 2481 igitur
830 2400 959 2482 pictate
989 2395 1102 2463 Aure-

151 2498 231 2578 lius,
257 2507 389 2564 uteret
416 2500 508 2582 pius,
529 2499 798 2564 misericordiam
820 2498 942 2562 habuit
969 2497 1011 2561 de
1036 2499 1099 2562 eis.

153 2597 324 2681 Exemplo
346 2599 450 2663 etiam
477 2598 576 2663 Octae
590 2600 687 2664 venit
707 2598 811 2676 Eosa,
837 2597 1022 2680 caeterique
1039 2596 1100 2679 qui
1111 2617 1263 2710 &affl

151 2696 372 2780 diffugerant,
389 2706 426 2762 et
439 2698 708 2763 misericordiam
729 2699 982 2780 impetrarunt3
1005 2696 1101 2762 dedit
1126 2678 1160 2708 π’
1215 2678 1238 2709 ”

153 2815 236 2879 crgo
252 2798 303 2861 eis
318 2798 493 2878 regionem
508 2791 635 2880 ’prope
657 2797 823 2875 Scotiam,
841 2806 877 2862 ct
889 2797 1004 2861 foedus
1020 2817 1100 2861 cum

153 2897 203 2959 eis
231 2896 461 2961 confirmavit.
514 2897 648 2961 Deinde
674 2898 829 2980 perrexit
857 2897 901 2960 ad
927 2904 1101 2960 monaste-

151 2996 240 3059 rium
256 2995 392 3073 Ambri,
417 3015 524 3079 prope
547 2996 801 3074 Kaercaradee,
818 3015 897 3078 quac
918 3015 1009 3059 nunc
1035 2995 1099 3059 Sa-

152 3096 297 3159 resbiria
317 3096 455 3173 dicitur,
470 3095 530 3159 ubi
556 3097 728 3180 principes
750 3095 904 3161 defuncti
922 3095 1100 3178 jacebant,

152 3214 240 3276 quos
258 3193 454 3276 Hengistus
476 3194 686 3278 prodiderat,
701 3204 736 3260 et
758 3197 888 3279 pietate
909 3201 1101 3258 commotus

151 3294 187 3356 in
215 3293 412 3377 lachrymas
441 3294 613 3359 resolutus
649 3302 711 3358 est.
747 3294 978 3358 ,Deliberans
1016 3312 1100 3375 ergo

152 3392 245 3475 apud
260 3413 311 3471 se,
334 3401 374 3457 ut
392 3393 519 3471 locum,
532 3414 602 3476 quo
619 3401 673 3458 tot
689 3393 822 3457 nobiles
833 3393 1012 3476 jacebant,
1028 3411 1100 3457 me-

152 3493 351 3557 morabilem
375 3492 516 3570 faceret,
536 3493 644 3578 jussit
669 3491 857 3557 Merlinum
882 3500 997 3557 vatem
1022 3491 1100 3555 dili·

152 3600 276 3672 genter
298 3612 467 3674 quaerere,
487 3601 528 3657 ut
552 3593 697 3657 consilio
716 3593 837 3674 ipsius,
861 3612 939 3675 quae
963 3590 1098 3655 deside-

153 3693 265 3768 rabat,
282 3692 424 3774 implere
442 3693 625 3775 potuisset.
677 3693 728 3757 Ut
745 3691 916 3757 Merlinus
938 3691 983 3755 ad
1006 3692 1099 3773 regis

152 3792 372 3873 praesentiam
408 3791 595 3873 perductus
631 3792 765 3869 suisset,
798 3793 962 3874 exposuit
994 3790 1026 3854 ei
1057 3790 1100 3855 de

152 3897 264 3954 morte
278 3892 444 3955 nobilium
461 3899 739 3969 memoratorum,
755 3892 927 3974 quomodo
942 3891 1102 3974 prodide-

152 3997 231 4054 rant
256 4009 316 4054 cos
340 3990 511 4069 Saxones,
533 3998 570 4055 ct
591 3991 681 4074 quod
702 3991 813 4056 voluit
835 3992 948 4056 locum
971 3989 1101 4054 honore

187 4173 616 4240 ¹Srtperies.]Comparewithp.⁷.
640 4176 704 4225 bave
722 4178 785 4225 been
803 4177 947 4238 Gellowey.
983 4176 1031 4224 See
1049 4173 1104 4223 Ho-

186 4241 285 4309 ¹Prope
297 4245 428 4309 Statim]
444 4247 578 4308 supposed
590 4251 615 4297 to
640 4246 748 4310 linshed,
759 4251 815 4308 part
826 4249 854 4297 ii.
866 4261 892 4307 p.
904 4250 945 4294 sl.
