2932 4980
329 476 395 538 454
581 488 715 536 nocant
742 489 790 536 nn
812 486 1021 535 wannovnn

420 718 469 782 Do
482 715 611 781 arundo
625 725 653 781 st
667 715 755 880 mg
762 716 874 802 prelio
889 716 1077 782 Eadmaadi
1090 725 1200 781 contra

746 826 894 881 numm.

173 964 304 1006 aarum
385 941 473 1005 Post
501 940 591 1004 banc
617 939 799 1005 victoriam
821 961 883 1005 rex
905 940 1149 1018 Eadmundus,
1175 939 1282 1004 media

126 1094 132 1105 .
174 1015 313 1106 iiim*
335 1049 457 1106 aestate
474 1049 665 1117 transacta,
683 1033 735 1103 'in
748 1041 927 1123 provincia
935 1040 1179 1122 Wigorniensi
1193 1039 1281 1104 Cnu·

336 1142 410 1206 toni
441 1139 592 1204 secundo
618 1139 764 1203 obvians
793 1141 885 1204 acies
915 1139 1102 1216 ordinavit,
1137 1141 1283 1222 optimos

337 1260 493 1325 quosque
518 1240 704 1323 prudenter
722 1239 899 1316 instruxit,
921 1258 1040 1306 omnes
1063 1239 1228 1304 hortatur
1247 1246 1283 1300 nt

337 1340 553 1404 meminerint
583 1359 620 1402 se
646 1359 709 1421 pro
733 1339 847 1421 patria
868 1345 904 1401 et
927 1338 1044 1402 liberis
1073 1357 1139 1419 pro
1170 1339 1283 1422 conju·

338 1440 440 1520 gibus
464 1446 500 1503 et
522 1438 780 1502 haereditatibus
800 1438 988 1514 decertare,
1007 1445 1055 1514 et,
1078 1439 1130 1500 sic
1156 1437 1284 1502 bellicis

339 1538 639 1602 exhortationibus
660 1537 784 1600 animis
808 1537 960 1600 omnium
985 1536 1028 1599 ad
1052 1556 1211 1619 pugnam
1233 1556 1286 1600 ao-

339 1639 462 1713 censis,
489 1637 657 1701 tubicines
691 1644 844 1718 strepere
870 1643 906 1699 et
933 1636 1102 1719 paulatim
1128 1637 1284 1700 cohortos

338 1735 522 1818 procedere
545 1736 702 1799 docebat.
751 1734 1004 1800 Comitantibus
1030 1735 1174 1798 tandem
1199 1737 1283 1800 acie·

338 1835 503 1898 boscum
528 1835 677 1899 clamore
699 1836 851 1899 maximo
876 1835 1004 1899 lanceis
1028 1836 1126 1917 prius
1150 1847 1186 1899 et
1209 1844 1283 1919 post

339 1933 465 2016 gladiis
487 1953 558 1997 rem
575 1943 722 2015 egerunt
737 1954 746 2014 ;
774 1954 836 1999 rex
860 1941 975 1997 autem
993 1933 1233 2012 Eadmundns,
1251 1936 1284 1998 in

340 2035 451 2116 prima
471 2034 545 2097 acie
567 2033 731 2110 militans,
748 2053 895 2116 quaeque
919 2033 983 2097 sibi
1005 2034 1112 2097 obvia
1136 2044 1285 2116 protere-

341 2134 414 2211 bat,
437 2133 554 2198 bostes
574 2133 712 2197 assidue
735 2133 985 2216 prosternebat,
1011 2139 1047 2196 et
1066 2135 1202 2196 strenui
1224 2134 1283 2196 rni-

341 2232 413 2296 litis
440 2234 589 2316 bonique
620 2233 711 2314 regis
739 2231 887 2297 officium
915 2231 1060 2295 viriliter
1091 2235 1285 2309 exercebat,

341 2332 402 2395 sed
428 2333 512 2415 quia
532 2334 605 2397 dux
630 2333 769 2415 iniquus
790 2331 970 2408 Eadricus,
984 2329 1152 2395 Almarus
1176 2341 1212 2397 et
1227 2331 1285 2397 Al·

341 2450 448 2512 garns
472 2433 627 2508 comites,
652 2432 712 2513 qui
741 2432 773 2494 ei
795 2430 868 2494 foro
896 2430 1058 2513 praesidio
1084 2431 1284 2508 debuerant,

340 2549 419 2593 cum
449 2531 567 2593 multis
600 2530 678 2594 aliis
711 2531 746 2594 in
768 2537 868 2613 parte
889 2529 1070 2593 Danorum
1100 2531 1285 2613 proditiose

339 2630 619 2710 propugnabant,
642 2649 725 2712 pars
747 2629 942 2693 Eadmundi
966 2630 1068 2693 nimis
1093 2629 1209 2695 fuerat
1235 2632 1284 2694 in·

341 2727 501 2792 firmata:
534 2734 687 2792 attamen
709 2723 838 2811 ²prima
860 2729 915 2793 die
940 2729 1151 2808 certaminis,
1175 2730 1209 2793 id
1234 2737 1284 2794 ost

340 2827 487 2908 septimo
521 2825 688 2891 kalendas
718 2828 740 2891 J
747 2828 818 2905 ulii,
849 2836 922 2892 tam
953 2847 1114 2910 asperum
1149 2839 1283 2911 tamque

340 2933 520 2989 cruentum
544 2928 681 2991 exstitit
710 2928 849 3005 bellum,
877 2936 917 2992 ut
944 2935 1090 3010 uterque
1114 2930 1284 2993 exercitus

341 3046 413 3109 prae
430 3026 634 3091 lassitudine
650 3026 781 3091 diutius
797 3047 953 3109 pugnare
970 3047 1039 3091 non
1056 3028 1202 3106 valeret,
1216 3027 1284 3103 sed,

341 3127 415 3190 sole
432 3127 508 3209 jam
532 3125 721 3203 occidente,
736 3126 917 3191 voluntate
933 3136 1126 3209 spontanea
1151 3148 1226 3193 seso
1242 3128 1284 3191 ab

342 3226 488 3290 invicem
510 3225 738 3308 direpserunt.
784 3226 851 3289 Sed
877 3226 933 3290 die
954 3235 1093 3309 postera
1115 3248 1179 3292 rex
1199 3227 1285 3290 Ead-

341 3326 490 3388 mundus
506 3326 627 3389 Dauos
649 3345 767 3390 omnes
786 3325 1016 3408 protrivisset,
1041 3327 1071 3389 si
1093 3328 1204 3410 iniqui
1224 3327 1284 3389 du·

341 3425 391 3488 cis
417 3423 554 3488 Eadrici
584 3425 734 3508 proditio
761 3444 829 3489 non
854 3424 988 3501 fuisset,
1016 3425 1185 3507 siquidem
1210 3445 1284 3489 curn

341 3525 502 3607 utrinque
519 3524 739 3588 vehementer
758 3532 982 3606 pugnaretur,
1005 3534 1042 3588 et
1060 3523 1198 3607 Anglos
1219 3526 1285 3589 ior·

342 3623 448 3687 tiores
467 3643 544 3687 esse
563 3625 789 3706 conspiceret,
805 3623 983 3706 cujusdam
999 3624 1064 3688 viri
1081 3626 1197 3708 capite
1216 3645 1285 3689 am·

341 3730 465 3803 putato
494 3730 530 3786 et
557 3724 592 3785 in
619 3723 727 3787 altum
759 3724 887 3801 levato,
919 3724 1130 3789 exclamavit
1159 3725 1285 3801 dicens,

257 3988 260 3993 ,
376 3932 429 3985 ¹ln
448 3936 574 3999 provincio
601 3934 804 4008 Wigoraiensi5]
829 3945 969 4000 arystones
979 3941 1009 3990 oi
1016 3940 1059 3990 the
1073 3946 1189 3992 oounties
1198 3945 1287 3994 0101·

340 4008 428 4068 ‘apud
456 4002 603 4067 Sceorstan,'
633 4008 710 4067 Flor,
742 4011 803 4060 Sar.
828 4010 1286 4077 iord,Gloucester,Woreester,aod

341 4077 450 4138 Chron.;
463 4077 657 4138 ‘Seorstanum‚’
667 4077 802 4129 Malmsb.:
829 4081 967 4130 Warwick.

341 4147 470 4210 supposed
481 4147 514 4208 by
526 4147 639 4197 Garndeu
650 4151 676 4195 to
687 4149 719 4196 be
730 4148 804 4197 Sher-
862 4148 1178 4213 ’Primutecerrmaaj
1192 4154 1286 4203 ‘Lnuae

341 4223 406 4280 ston,
415 4218 530 4278 inWilts,
539 4218 556 4266 i,
565 4232 590 4279 p.
602 4221 647 4265 19⁵
657 4232 664 4276 ;
676 4218 708 4279 by
718 4218 802 4267 others
827 4219 1195 4282 scilicetdie,’l·'lor.,whoalso
1201 4225 1287 4273 makes

340 4293 366 4335 to
378 4289 409 4336 be
420 4287 598 4348 stite-sones,
608 4302 638 4336 or
647 4285 690 4337 the
704 4288 801 4337 bound·
827 4289 869 4338 the
876 4289 954 4340 battle
962 4295 988 4339 to
996 4289 1060 4340 bure
1068 4291 1287 4355 lastedtwodays.
