3000 5004
461 487 600 536 neonus
624 487 891 537 ursronmaun.
1088 475 1154 538 467

201 648 307 722 atque
323 640 460 723 Anglos
485 645 597 726 spolia
620 645 844 727 colligentes:
869 647 913 710 ob
929 646 1017 711 hanc
1036 656 1152 712 autem

110 792 113 801 .
202 759 344 803 causam
369 740 484 807 Cnuto
516 744 678 827 deinceps
702 745 837 827 Anglos
866 765 1000 810 summo
1023 747 1152 813 honore

202 859 384 917 venerans,
411 862 488 905 cum
516 843 597 907 laeta
622 846 768 909 victoria
797 845 840 909 ad
868 845 1032 927 Angliam
1056 848 1152 911 navi-

201 940 310 1020 gavit.
363 940 493 1004 Eodem
516 960 618 1020 anuo,
641 951 777 1007 mortuo
803 939 995 1022 ¹Wlstano,
1019 946 1151 1010 Ebora·

201 1039 296 1102 censi
313 1040 584 1123 archiepiscopo,
600 1044 767 1107 successit
782 1037 961 1108 'Alsricus

269 1212 355 1290 Quod
372 1235 426 1277 ree
442 1214 539 1278 Ooeto
553 1213 718 1279 coenobium
732 1217 768 1279 io
788 1216 947 1279 Wiotooe'o
962 1216 1086 1280 ditavit.

252 1337 357 1402 Anno
391 1339 532 1402 Domini
565 1355 686 1403 rum.
720 1333 920 1404 ³Conradus
954 1339 1288 1405 Romanum-ares.

1163 1403 1236 1440 cnut'r

203 1435 349 1520 adeptus
384 1439 565 1519 imperium
595 1440 694 1502 annis
727 1439 921 1521 quindecim
955 1440 1150 1520 imperavit.
1163 1453 1296 1540 pppgpgper

204 1536 272 1600 Per
293 1536 383 1600 idem
413 1538 517 1601 etiam
545 1546 693 1621 tempus,
720 1537 834 1602 Cnuto
862 1559 925 1601 rex
947 1540 1152 1619 magnificus
1297 1523 1303 1536 ⁸

202 1643 302 1699 vetus
328 1637 573 1700 monasterium
588 1637 773 1700 Wentanae
791 1637 943 1701 civitatis
962 1645 1061 1702 tanta
1076 1657 1151 1700 mu-

202 1735 379 1798 nificentia
392 1735 582 1812 decoravit,
598 1744 638 1799 ut
652 1745 823 1799 autumet
837 1745 1018 1818 argentum
1037 1738 1152 1820 splen-

202 1833 332 1916 dorque
361 1854 573 1916 gemmarum
601 1837 810 1899 intuentium
837 1842 990 1899 terreant
1018 1838 1151 1900 animos

204 1933 436 2012 advenarum3
460 1934 525 1997 hoc
547 1943 663 1997 autem
685 1934 767 1998 fecit
782 1955 845 1997 ren
860 1936 1004 1999 consilio
1022 1936 1152 1998 Emmee

204 2034 345 2113 reginae,
361 2052 439 2114 quee
463 2034 499 2096 iu
522 2034 650 2097 talibus
673 2034 912 2097 thesaurorum
928 2033 1152 2115 dilapidatrix

205 2139 281 2194 erat
296 2151 361 2194 sua
374 2132 521 2213 prodiga
536 2132 710 2213 largitate.

265 2305 354 2384 Quod
370 2305 466 2369 Onoto
483 2304 617 2370 tombam
632 2306 712 2390 repis
726 2305 911 2368 Ecdmaodi
925 2305 1095 2368 honoravit.

256 2429 360 2494 Anno
385 2431 509 2511 gratiae
536 2447 673 2493 mxxvi.
700 2430 829 2506 Cnuto,
860 2448 921 2491 rex
948 2427 1291 2529 A⁰ss¹⁰s¹¹¹¹bdffip¹fflff

206 2546 310 2611 super
325 2531 478 2592 tumbam
494 2531 586 2610 regis
603 2529 797 2592 Eadmundi
823 2528 916 2610 apud
935 2526 1154 2591 Glastoniam
1168 2539 1289 2630 tffipnd'

206 2628 351 2710 pallium
376 2628 503 2692 obtulit
517 2629 623 2692 variis
639 2628 811 2693 coloribus
827 2636 863 2691 et
879 2646 1053 2710 pavonum
1068 2627 1157 2707 figu-

206 2727 253 2790 ris
271 2735 482 2791 contextum.

353 2902 441 2980 Quod
456 2903 553 2965 Ooato
568 2903 701 2966 Noricos
715 2900 776 2965 siti
792 2902 1014 2965 reconciliauit.

258 3023 363 3089 Anno
378 3025 521 3089 Domini
538 3043 690 3089 rrxxvn.
709 3046 787 3089 cum
803 3023 955 3088 Cnutoni
978 3026 1052 3107 regi
1078 3026 1295 3134 inti'fit?·,‚},‘1'1²,⁷,

207 3133 339 3188 matum
364 3132 469 3201 esset,
493 3125 587 3206 quod
615 3124 869 3205 Norwegenses
891 3117 1025 3203 ⁴regem
1058 3136 1305 3186 suuminromn

209 3222 350 3287 Olafum
367 3233 508 3306 propter
526 3225 602 3308 ejus
619 3224 876 3306 simplicitatem
894 3222 1159 3302 vilipenderent,

209 3342 370 3405 magnam
389 3325 466 3387 auri
492 3323 626 3406 copiam
644 3331 680 3386 et
695 3323 829 3403 argenti
852 3321 1074 3401 magnatibus
1091 3321 1163 3384 illis

210 3423 412 3499 transmisit,
430 3442 558 3504 rogans
582 3422 799 3506 propensius,
819 3426 871 3497 ut,
894 3420 1029 3502 abjecto
1045 3419 1162 3498 Olafo,

209 3540 286 3584 sese
314 3541 431 3602 regem
461 3523 703 3604 susciperent3
747 3520 819 3603 qui,
849 3538 928 3583 cum
959 3519 1051 3582 dona
1088 3518 1163 3602 ejus

213 3620 324 3685 avidis
344 3621 580 3704 suscepissent
601 3623 773 3696 manibuS,
787 3619 1036 3681 nuntiaverunt
1057 3618 1101 3693 ei,
1125 3627 1165 3682 ut

246 3824 253 3854 ¹
271 3828 405 3891 Wlstuno.]
422 3829 470 3876 See
482 3828 570 3889 above,
580 3843 606 3889 p.
618 3831 676 3889 462,
736 3822 907 3894 ³Coarudus,]
933 3827 975 3875 the
994 3825 1104 3885 second;
1127 3825 1167 3873 his

210 3901 265 3945 note
276 3893 294 3945 ⁷.
702 3898 772 3958 reign
791 3912 819 3945 as
838 3897 901 3958 king
917 3896 946 3945 of
962 3897 1090 3956 Gemrany
1102 3910 1168 3944 com·

703 3967 807 4015 menced
829 3967 856 4013 in
878 3966 920 4014 the
942 3967 1081 4027 preceding
1099 3979 1170 4026 year,

246 4034 407 4098 Hismara]
434 4036 485 4086 His
505 4034 581 4084 death
599 4036 622 4084 is
640 4049 680 4083 re·
703 4050 772 4096 upon
782 4036 825 4083 the
836 4035 912 4084 death
924 4036 954 4083 oi
969 4036 1010 4083 his
1021 4033 1120 4092 sathon
1137 4034 1170 4081 he

211 4104 305 4154 corded
326 4106 408 4154 below
429 4107 455 4154 in
475 4109 555 4164 loon
577 4105 678 4153 Simeon
704 4105 764 4153 died
776 4110 803 4152 at
815 4105 922 4153 Utrecht
933 4104 1037 4152 inJune
1050 4105 1123 4150 1⁰89.

211 4188 271 4235 says
288 4175 342 4223 that
358 4175 390 4223 he
406 4176 467 4225 died
484 4177 510 4224 in
527 4174 569 4223 the
588 4174 637 4222 end
654 4174 684 4222 oi
740 4171 751 4202 ⁴
764 4175 857 4234 Regem
868 4187 937 4221 nrum
947 4165 1069 4236 mosum]
1081 4171 1172 4220 Taken

211 4242 253 4292 the
265 4246 384 4305 previous
397 4260 465 4305 year.
706 4243 769 4291 from
782 4243 913 4302 Florence,
923 4241 956 4290 ad
968 4256 1010 4291 an.
1024 4243 1096 4288 luat.

997 4329 1070 4373 2112
