3000 5004
345 473 391 537 56
600 483 735 534 nouum
760 483 808 533 nn
831 476 1064 532 wnrnovnn·

599 641 687 705 Noto
701 639 847 706 otonem
865 637 1043 703 lliaitotir.

187 791 297 833 noun.
399 763 503 829 Anno
518 764 641 845 gratiae
660 780 741 827 nin.
763 763 798 826 iu
813 761 935 827 Africa
953 755 1142 844 ¹Olympus
1162 759 1304 842 quidam

349 864 603 940 insanissimus,
620 862 702 926 dum
718 863 755 925 iu
771 861 905 926 balneis
919 868 1076 925 sanctam
1093 859 1302 926 Trinitatem

349 962 617 1045 blasphemaret,
626 961 737 1044 ignito
746 960 866 1045 jaculo
877 960 1012 1025 caelitus
1025 959 1304 1042 superveniente,

351 1063 551 1127 combustus
568 1068 632 1125 est.

584 1209 671 1272 Noto
688 1205 872 1294 baptismam
885 1205 1029 1273 malci.

191 1367 248 1408 nn.
258 1367 303 1406 nc
405 1330 511 1396 Anno
522 1331 646 1413 gratiae
660 1346 734 1395 niv,
750 1328 1089 1413 Constantinopolim
1099 1331 1182 1395 dum
1193 1323 1308 1395 'Deu-

191 1415 313 1458 ¹'‘²¹¹⁰¹¹¹²'·
354 1438 462 1507 tetus,
478 1428 649 1494 Arrianus
666 1429 862 1512 episcopus,
875 1430 1045 1512 quendam
1063 1431 1200 1495 nomine
1218 1430 1307 1494 Bar-

354 1531 435 1594 bam
456 1530 662 1611 baptizaret,
685 1535 721 1594 ct
744 1528 834 1592 male
859 1528 1076 1610 distinguens
1098 1529 1306 1595 Trinitatem

355 1629 498 1704 diceret,
522 1628 693 1710 ‘Baptizo
723 1634 770 1705 te,
792 1628 922 1705 Barba,
952 1628 988 1692 in
1013 1629 1151 1693 nomine
1176 1627 1307 1706 Patris,

355 1747 418 1809 per
432 1726 572 1804 Filium,
587 1728 623 1790 in
641 1726 774 1809 Spiritu
789 1727 942 1805 Sancto,'
956 1746 1048 1810 aqua
1065 1727 1247 1811 disparuit.

612 1900 700 1963 Noto
715 1899 877 1985 cujusdam
890 1899 1052 1984 sopharna.

195 2059 307 2099 anun.
401 2022 507 2088 Anno
516 2022 640 2104 gratie
650 2039 707 2088 nv.
718 2015 961 2102 ’Alamuudua
972 2044 1035 2088 rex
1044 2023 1309 2101 Saracenorum,

193 2108 325 2207 fflffi
358 2123 402 2185 ab
419 2122 621 2186 orthodoxis
644 2122 853 2204 baptizatus,
866 2141 944 2185 cum
959 2142 1036 2187 eum
1050 2123 1181 2188 vellent
1197 2123 1309 2206 Euty-

195 2209 472 2286 t¹¹⁶⁸¹¹⁸⁰⁸¹¹'·chiaui
497 2220 671 2297 seducere,
693 2220 819 2284 refellit
840 2240 900 2284 eos
923 2221 988 2286 hac
1010 2221 1168 2287 sabulosa
1189 2222 1308 2286 induo-

358 2321 464 2398 tione,
494 2321 623 2397 dicens,
645 2319 737 2401 quod
767 2319 886 2383 literas
917 2330 1099 2404 acceperat
1128 2321 1172 2384 dc
1198 2331 1309 2386 morte

359 2420 559 2501 archangeli
583 2417 788 2497 Michaelis;
816 2418 936 2500 illique
966 2420 1218 2503 responderunt
1242 2420 1309 2485 hoc

359 2518 571 2600 impossibile
587 2536 675 2591 esse,
692 2536 733 2580 eo
750 2518 842 2599 quod
864 2519 981 2600 angeli
999 2521 1071 2584 siut
1086 2519 1310 2601 impassibilis

361 2625 506 2681 naturae.
541 2614 748 2692 ‘Quomodo
763 2617 870 2699 ergo,’
882 2617 1007 2700 inquit,
1020 2624 1030 2653 ‘
1042 2618 1230 2682 secuudum
1247 2637 1311 2682 vos

360 2715 473 2779 nudus
487 2714 673 2777 crucifixus
695 2723 749 2779 est
764 2714 937 2802 Christus,
953 2718 1020 2780 nisi
1042 2717 1189 2781 duarum
1209 2725 1310 2781 natu-

361 2833 476 2877 rarum
509 2821 613 2890 esset,
640 2813 919 2898 quandoquidem
953 2835 1017 2880 nec
1045 2816 1190 2898 angelus
1220 2835 1312 2881 mor-

359 2922 441 2978 tuus
456 2913 549 2977 estl’

594 3080 681 3144 Nota
696 3080 733 3144 de
748 3085 758 3115 ‘
774 3079 885 3145 Gloria
900 3080 935 3146 ia
949 3077 1090 3147 careda?

200 3224 311 3264 nune.
413 3201 517 3269 Anno
537 3205 660 3285 gratiae
688 3220 763 3268 nvi.
781 3204 1009 3287 Symmachus
1023 3224 1116 3288 papa
1131 3198 1314 3283 ‘instituit

362 3304 457 3367 omni
470 3303 525 3366 die
537 3303 722 3368 Dominico
736 3303 791 3367 vel
807 3312 997 3386 martyrum
1014 3305 1186 3383 natalitio,
1203 3304 1312 3371 ‘Glo-

363 3401 416 3464 ria
430 3402 465 3464 in
481 3402 642 3466 excelsis'
657 3403 701 3465 ad
724 3403 849 3466 missas
870 3421 1006 3481 canere,
1023 3423 1125 3485 quem
1147 3404 1313 3487 hymnum

363 3499 620 3582 Thelesphorus
647 3520 741 3583 papa
757 3509 858 3566 nocte
876 3509 1010 3566 tantum
1029 3502 1155 3566 naulis
1173 3503 1315 3568 Domini

364 3600 500 3663 cantari
522 3598 688 3676 instituit,
712 3607 748 3662 et
773 3600 810 3663 in
836 3619 877 3664 eo
900 3602 1101 3683 augelorum
1127 3603 1235 3666 verba
1261 3621 1317 3679 ea,

363 3715 442 3789 quae
458 3703 662 3778 sequuntur,
678 3696 817 3780 adjecit.

256 3912 261 3923 ,
401 3869 409 3901 ¹
424 3872 541 3936 Olympus
551 3871 672 3936 quidum]
689 3874 737 3923 See
747 3874 824 3924 Joau.
883 3873 1314 3938 ’lamundnfloralamundrrun

365 3941 518 3990 Damascen.
538 3941 570 3989 de
589 3941 697 4005 Imagin.
709 3942 783 3993 Orat.
801 3949 826 4005 t,
849 3944 912 3993 'l'his
929 3949 1037 3994 account
1055 3945 1078 3993 is
1097 3945 1171 4006 given
1187 3946 1220 4007 by
1233 3946 1316 3996 Baro·

364 4011 390 4058 lu
401 4009 463 4060 edit.
474 4010 499 4059 le
512 4010 606 4072 oulen,
617 4012 635 4061 i.
647 4027 672 4073 p.
684 4017 742 4063 8⁷6.
851 4015 919 4075 nius,
938 4014 1001 4063 from
1020 4013 1177 4076 Theodorus,
1199 4015 1226 4063 iu
1244 4016 1316 4068 flat

399 4076 410 4105 ¹
429 4079 572 4143 iresterna]
594 4095 623 4129 or
642 4080 781 4131 Deuterius
801 4081 830 4131 ol
852 4083 923 4132 Eccl.
940 4084 975 4133 ix.
991 4097 1018 4144 p.
1037 4086 1093 4131 lae.
1130 4083 1231 4132 Paulus
1250 4085 1317 4135 Dia-

363 4147 580 4212 Coustaulinople.
603 4150 665 4200 'l'his
676 4152 788 4213 miracle,
798 4166 827 4200 aa
852 4167 930 4202 conus
941 4152 991 4201 aud
1002 4152 1086 4202 others
1102 4151 1180 4201 relate
1191 4153 1234 4202 the
1245 4168 1315 4204 rame

363 4219 419 4268 also
436 4218 478 4268 the
494 4218 655 4283 immorare,
670 4221 692 4270 is
707 4222 827 4270 recorded
852 4228 929 4284 story.

364 4288 596 4351 by'l'heodorur,in
608 4288 678 4341 Hist.
688 4292 758 4340 Eccl.
779 4291 827 4340 See
888 4290 898 4318 ⁴
910 4290 1046 4355 Instituit]
1057 4289 1120 4339 'l'his
1131 4291 1153 4338 is
1164 4289 1243 4340 taken
1254 4289 1318 4340 from

365 4358 501 4422 Batonius,
511 4359 547 4408 ix.
560 4373 585 4420 p.
598 4363 638 4409 58.
854 4361 978 4423 Sigebert,
989 4360 1032 4410 ed.
1044 4359 1109 4410 Pin.
1121 4375 1147 4423 p.
1159 4362 1218 4410 m.
