3000 5004
590 480 763 530 russeus.
1079 469 1152 531 xvii

201 637 350 719 amplius
361 637 507 701 detineri
519 637 672 720 jubetur.
708 638 774 701 Sed
792 659 871 701 mox
887 640 1047 722 injuriam
1063 660 1152 703 mar·
1168 656 1223 746 dun
1234 656 1278 745 {⁰⁴-

202 738 288 820 tyris
322 736 492 800 elementa
528 745 724 816 testantur3
761 758 783 801 a
815 747 967 820 tempore
1003 759 1151 822 namque
1168 718 1272 796 addon·

201 836 518 919 comprehensionis
544 836 637 899 illius
663 856 772 919 usque
801 839 836 900 in
863 837 951 901 diem
978 858 1047 921 quo
1076 859 1152 903 car·

200 956 277 999 cere
305 934 418 998 fuerat
441 935 683 1013 absolvendus
707 944 833 1000 terram
857 957 914 1000 ros
942 948 1002 1003 aut
1032 939 1152 1020 pluvia

202 1055 270 1098 nou
296 1035 433 1111 infudit,
456 1035 515 1098 sed
539 1035 573 1098 in
597 1034 670 1099 dics
691 1037 847 1117 singulos
870 1044 945 1101 tota
969 1039 1063 1120 regio
1088 1041 1151 1102 sub

201 1134 275 1198 sole
299 1134 540 1198 ardentissimo
562 1136 779 1214 torrebatur3
813 1156 881 1199 non
900 1138 987 1217 agri,
1007 1158 1074 1201 non
1095 1158 1150 1201 ar·

201 1235 314 1309 bores,
332 1233 517 1316 quicquam
540 1232 713 1297 fructuum
736 1235 965 1317 protulerunt,
983 1237 1152 1302 elemento

202 1341 324 1397 contra
340 1333 465 1416 impios
482 1331 679 1396 dimicante.
730 1333 753 1396 J
757 1333 848 1397 udex
872 1340 986 1396 autem
1008 1346 1043 1399 et
1058 1337 1151 1400 cives

203 1432 403 1509 Verulamii‚
432 1432 571 1515 plagam
594 1431 792 1515 hujusmodi
818 1452 886 1496 non
910 1431 1070 1511 ferenteS,
1087 1434 1151 1497 Al-

203 1532 295 1595 bano
312 1533 440 1596 crimen
460 1533 654 1614 imponunt,
676 1531 964 1613 congregatisque
986 1533 1021 1595 iu
1045 1553 1150 1597 unum

203 1632 373 1708 omuibus,
408 1633 520 1714 ipsum
558 1631 622 1694 sibi
660 1631 865 1713 praesentari
899 1632 1078 1713 fecerunt;
1116 1642 1152 1698 et

203 1730 283 1793 dum
301 1739 409 1796 staret
426 1731 461 1795 in
477 1730 590 1794 medio
605 1729 846 1808 multitudiuis,
862 1749 980 1795 omnes
997 1734 1150 1798 unanimi

203 1849 374 1894 consensu
399 1831 435 1893 in
455 1837 614 1893 sanctum
641 1829 707 1893 Dei
736 1830 855 1894 mortis
882 1829 991 1894 tulere
1013 1841 1152 1896 seuten-

203 1930 297 1993 tiam.
344 1929 426 2012 lpse
443 1929 579 1993 iuterim
597 1948 732 1993 crucem
749 1930 902 2007 Domini,
926 1950 1029 2012 qnam
1046 1952 1149 1996 manu

175 2064 178 2069 ·
203 2030 354 2106 tenebat,
379 2031 576 2112 frequenter
601 2028 805 2092 deosculans
828 2036 864 2093 et
886 2028 1046 2107 adorans,
1069 2052 1152 2095 cau-

203 2148 278 2191 sam
292 2148 391 2194 suam
409 2129 561 2192 Domino
584 2128 855 2192 commendabat.
911 2127 1066 2193 Albanus
1085 2132 1152 2213 igi-

204 2235 261 2290 tur
285 2227 328 2291 de
345 2227 478 2311 judicio
501 2228 544 2290 ad
572 2227 778 2310 supplicium
805 2227 1025 2307 trahebatur3
1059 2250 1153 2294 cum-

202 2347 270 2409 que
288 2328 354 2391 iter
375 2335 518 2408 agentes
540 2326 584 2390 ad
607 2326 734 2390 flumen
757 2326 1009 2409 rapidissimum
1031 2348 1152 2410 perve-

204 2432 342 2502 nerunt,
365 2427 520 2491 oratione
547 2426 591 2489 ad
623 2426 736 2489 Deum
763 2427 901 2502 emissa,
928 2427 1018 2491 inter
1042 2428 1152 2492 undas

203 2526 296 2589 viam
328 2525 456 2608 populo
487 2525 662 2609 patefecit.
725 2524 825 2589 Tunc
852 2519 966 2590 ¹miles
994 2527 1063 2605 iile,
1093 2530 1152 2611 qui

204 2624 364 2689 trahebat
380 2624 566 2702 Albanum,
584 2627 658 2689 viso
675 2626 853 2703 miraculo,
871 2647 985 2690 ensem
1002 2628 1152 2712 projicit,

203 2725 332 2788 fatetur
353 2745 515 2802 errorem,
538 2732 571 2789 et
596 2745 618 2789 a
640 2733 761 2789 sancto
779 2726 913 2789 veniam
936 2726 1151 2809 deprecatur.

206 2823 275 2887 His
297 2823 347 2888 ita
370 2825 489 2906 gestiS,
511 2824 641 2887 inimici
664 2825 820 2888 veritatis
838 2825 1008 2890 homiuem
1030 2829 1153 2910 arripi·

204 2932 279 3001 unt,
295 2924 414 2987 dentes
437 2924 630 3000 excutiunt,
654 2932 690 2988 et
705 2925 821 2988 omnia
838 2925 931 2988 illius
947 2946 1028 2989 ossa
1043 2928 1154 2991 immi-

203 3024 420 3088 sericorditer
447 3023 680 3104 confringunt,
703 3033 750 3099 et,
779 3025 809 3087 si
837 3024 922 3089 nihil
948 3026 984 3089 in
1011 3046 1153 3108 corporo

205 3122 368 3187 remansit
391 3122 550 3199 illaesum,
578 3122 663 3186 fides
691 3131 819 3201 tamen,
840 3143 917 3206 quae
942 3125 1097 3189 fervebat
1118 3128 1154 3189 in

203 3230 354 3304 pectora,
369 3222 449 3287 laedi
465 3242 535 3286 non
551 3223 674 3305 potuit.

376 3395 664 3481 ‘Albanarsoctem
679 3397 796 3461 orando
804 3396 970 3480 producit.

254 3519 433 3584 ‘Tandem
460 3539 624 3585 cacumen
651 3520 779 3583 montis
804 3520 1030 3583 ascendentes
1055 3519 1151 3585 inve·
1166 3545 1264 3586 urnae·

205 3628 328 3684 nerunt
351 3620 423 3683 illic
451 3619 587 3684 turbam
615 3620 792 3683 hominum
811 3620 886 3683 sino
912 3640 1066 3698 numero,
1091 3598 1297 3703 quidd'i'.lsshtby

203 3721 267 3782 sub
291 3719 363 3783 sole
388 3718 522 3782 ardenti
545 3718 603 3782 siti
623 3726 812 3783 aestuantes
835 3727 1027 3783 extremum
1050 3723 1151 3803 spiri-

204 3827 276 3882 tum
303 3818 378 3902 jam
403 3818 607 3896 trahebant3
645 3838 791 3907 quorum
818 3820 963 3883 miseriis
992 3818 1151 3885 Albanus

202 3917 399 3994 condolens,
431 3918 467 3981 in
499 3917 626 3980 montis
658 3919 834 3982 cacumine
863 3919 992 3982 fontem
1021 3922 1151 3985 orando

239 4116 352 4182 ¹Mitea.]
370 4119 421 4167 His
441 4133 514 4167 name
536 4131 591 4166 was
611 4117 666 4165 He·
691 4123 746 4166 acts
757 4118 785 4166 os
794 4118 839 4166 SS.
851 4118 960 4166 Albinus
978 4119 1029 4167 and
1048 4119 1154 4181 Amphi·

203 4189 308 4251 raclius,
318 4204 346 4237 or
358 4189 489 4250 Araelius,
497 4187 665 4247 accordiugto
691 4188 785 4249 balus;
804 4188 911 4250 Ussher,
921 4203 948 4250 p.
960 4192 1002 4238 89.

204 4258 340 4322 Capgrave
358 4259 408 4308 and
425 4258 467 4308 the
479 4258 565 4307 writer
581 4256 610 4306 of
624 4257 666 4305 the
