3000 5004
353 417 419 481 194
607 432 740 480 nocnar
766 434 813 480 nn
836 432 1043 482 wnunnvnn

192 607 333 699 m
355 589 559 655 tenuissima
572 587 754 652 videbatur
779 595 815 651 ct
836 607 958 670 parva.
1010 587 1053 652 ln
1074 587 1179 672 bujus
1198 607 1312 653 amoe-

355 689 499 754 nitatem
514 689 581 752 loci
599 707 677 751 cum
695 705 758 751 nos
773 687 965 752 intraturos
981 707 1168 770 sperarem,
1184 688 1313 752 ductor

355 809 453 852 meus
470 795 611 870 repente
634 787 802 864 substitit,
816 795 853 851 et
864 788 939 851 sine
955 806 1053 851 mura
1073 807 1232 869 gressum
1255 808 1312 852 re·

357 897 536 971 torquens,
566 887 645 969 ipse
674 904 742 962 me,
771 905 842 968 qna
871 887 1042 964 venimus,
1071 887 1129 951 via
1157 887 1311 951 reduxit.

356 987 458 1051 Tunc
487 986 545 1069 qui
579 1005 635 1048 me
664 983 813 1048 ducebat
840 985 924 1050 mibi
954 987 1057 1061 dixit,
1095 986 1197 1049 ‘Scis
1230 1007 1312 1070 quae

356 1095 440 1151 sunt
465 1086 534 1149 ista
560 1085 677 1147 omnia
702 1104 781 1167 quae
807 1085 966 1149 vidistit’
1027 1085 1208 1167 Respondi
1230 1107 1313 1168 ego,

357 1185 504 1264 ‘Non3'
542 1191 579 1248 et
613 1185 675 1260 ait,
715 1182 858 1248 ‘Vallis
888 1184 960 1260 illa,
1000 1204 1105 1267 quam
1140 1186 1312 1268 aspexisti

359 1285 506 1348 flammis
524 1283 735 1347 ferventibus
758 1291 794 1346 ct
816 1282 1002 1366 frigoribus
1030 1283 1236 1349 horrendam
1264 1287 1312 1349 ri·

357 1383 460 1466 gidis,
483 1385 559 1465 ipsc
590 1390 643 1446 est
673 1382 771 1445 locus
793 1383 830 1447 in
862 1402 930 1464 quo
959 1384 1200 1448 examinandae
1227 1393 1313 1448 sunt

358 1484 483 1547 animae
506 1481 656 1558 illorum,
679 1480 739 1564 qui
760 1480 923 1546 differunt
948 1482 1107 1547 confiteri
1133 1492 1170 1548 et
1194 1503 1313 1547 emen-

359 1583 443 1647 dare
468 1581 601 1645 scelera
622 1600 700 1663 quae
724 1579 892 1658 iecerunt,
917 1581 1039 1647 sedin
1064 1582 1141 1666 ipso
1169 1583 1311 1648 tandem

360 1681 481 1746 mortis
496 1680 644 1744 articulo
659 1679 703 1742 ad
720 1680 963 1761 poenitentiam
977 1681 1195 1773 confugient,
1207 1691 1244 1747 et
1260 1685 1312 1749 sic

360 1780 403 1844 de
427 1798 570 1862 corpore
593 1787 760 1842 exeuntes
782 1799 901 1844 omnes
922 1781 959 1844 in
986 1781 1042 1846 die
1061 1781 1185 1865 judicii
1206 1783 1313 1848 caelo-

360 1899 436 1949 rum
462 1877 668 1961 perveniunt
692 1877 736 1941 ad
759 1899 923 1962 regnum3
958 1881 1088 1945 multos
1107 1882 1212 1946 etiam
1233 1903 1313 1964 pre·

361 1998 419 2042 ces
434 1978 636 2055 viventium,
656 1984 692 2041 et
708 1978 947 2062 eleemosynae,
956 1980 1094 2064 jejunia
1108 1988 1144 2044 et
1160 1983 1314 2047 maxime

361 2079 544 2142 missarum
565 2078 751 2142 celebratio
777 2078 958 2162 adjuvant,
978 2087 1019 2143 ut
1039 2080 1232 2144 antediem
1253 2082 1314 2165 ju-

361 2178 441 2243 dicii
459 2178 658 2241 liberentur.
712 2176 823 2240 Porro
839 2186 964 2260 puteus
984 2178 1043 2243 ille
1059 2179 1314 2246 flammivomus

361 2297 403 2342 ac
423 2276 579 2353 soetidus,
595 2295 697 2359 quem
716 2276 846 2353 vidisti,
866 2278 980 2360 ipsum
995 2286 1049 2342 cst
1068 2299 1109 2343 os
1130 2279 1313 2362 gehennae,

360 2377 398 2441 in
421 2376 513 2459 quod
540 2376 600 2458 qni
626 2375 733 2438 semel
760 2376 919 2441 inciderit
946 2398 1015 2442 non
1047 2378 1252 2443 liberabitur
1277 2382 1314 2444 in

360 2484 551 2551 aeternum;
584 2475 681 2538 locus
707 2494 790 2539 vero
824 2476 964 2556 florifer,
991 2497 1094 2561 quem
1116 2478 1249 2556 vidisti,
1276 2481 1315 2544 in

360 2594 429 2658 quo
453 2573 720 2656 pulcherrimam
737 2575 957 2658 juventutem
976 2577 1161 2661 jocundari
1180 2598 1224 2644 ac
1244 2579 1313 2644 sul-

360 2693 442 2757 gere
480 2673 707 2755 conspexisti,
738 2674 813 2757 ipse
844 2684 898 2740 est
931 2677 967 2739 in
1000 2696 1070 2759 quo
1099 2679 1315 2760 recipiuntur

361 2772 486 2837 animae
508 2792 640 2850 eorum,
658 2773 718 2855 qui
737 2774 774 2838 in
796 2774 896 2864 bonis
918 2778 1081 2859 operibus
1103 2777 1314 2862 decerpere

360 2879 504 2948 exeunt,
532 2891 596 2935 nec
622 2880 737 2936 tamen
767 2881 876 2938 tantae
901 2884 985 2940 sunt
1010 2877 1244 2959 perfectionis,
1272 2887 1314 2945 ut

360 2973 480 3037 statim
503 2991 647 3054 regnum
670 2971 834 3036 caelorum
856 2974 992 3057 ingredi
1014 2985 1224 3056 mereantur,
1251 2983 1313 3062 qui

360 3080 478 3136 tamen
500 3091 619 3134 omnes
641 3072 677 3134 in
701 3070 757 3135 die
774 3072 898 3155 judicii
920 3075 964 3139 ad
987 3076 1155 3141 visionem
1183 3078 1251 3143 Dei
1276 3089 1314 3144 et

360 3171 489 3255 gaudia
516 3171 614 3253 regni
636 3171 785 3235 caelestis
815 3174 1018 3254 intrabunt;
1050 3178 1314 3262 etquicunque

359 3271 396 3335 in
433 3271 527 3335 omni
563 3271 681 3347 verbo,
715 3290 819 3353 opere
850 3281 885 3338 et
923 3274 1135 3357 cogitatione
1170 3279 1315 3360 perfecti

360 3379 455 3447 sunt,
481 3390 564 3434 mox
588 3368 632 3433 de
657 3389 800 3453 corpore
829 3375 960 3454 egressi
990 3395 1135 3458 regnum
1162 3377 1315 3458 ingredi·
1411 3441 1416 3452 ,

359 3478 467 3538 untur
489 3469 651 3534 caelorum
668 3490 677 3550 ;
709 3470 753 3533 ad
776 3470 876 3554 cujus
892 3474 1020 3537 vicinia
1041 3476 1193 3558 pertinet
1213 3476 1314 3543 locus

360 3569 432 3646 ille,
454 3569 512 3634 ubi
529 3589 653 3634 sonum
668 3570 851 3635 cantilenae
868 3571 980 3637 dulcis
998 3573 1104 3640 odore
1125 3577 1314 3643 suavitatis

361 3687 402 3732 ac
415 3667 597 3750 splendore
612 3668 699 3733 lucis
715 3669 854 3735 audisti.
905 3671 961 3738 Tu
979 3681 1107 3752 autem,
1122 3676 1206 3758 quia
1220 3696 1315 3744 nunc

360 3766 404 3830 ad
423 3785 549 3849 corpus
566 3769 693 3831 reverti
713 3776 749 3832 et
763 3789 899 3836 rursum
918 3772 1010 3836 inter
1024 3772 1179 3839 homines
1194 3775 1314 3842 vivere

360 3863 477 3942 debes,
491 3865 521 3927 si
538 3873 638 3930 actus
659 3875 739 3932 tuos
762 3870 930 3935 curiosius
952 3872 1124 3938 discutere
1143 3883 1180 3939 et
1198 3894 1314 3942 mores

360 3983 604 4047 sermonesque
627 3973 706 4031 tuos
734 3967 769 4031 in
795 3970 1001 4036 rectitudine
1025 3992 1067 4037 ac
1088 3973 1313 4057 simplicitate

360 4083 499 4129 servare
522 4065 708 4145 studueris,
731 4069 881 4152 accipies
902 4079 938 4136 et
963 4071 1038 4154 ipse
1064 4082 1145 4156 post
1163 4085 1312 4143 mortem

359 4163 473 4231 locum
495 4168 684 4233 mansionis
706 4168 797 4234 inter
818 4169 905 4250 haec,
923 4190 1002 4254 quae
1018 4173 1149 4254 vidisti,
1170 4178 1312 4260 agmina
