3000 5004
469 452 607 499 enonas
631 452 900 501 nrsronranun.
1093 439 1165 504 321-

203 604 329 685 gratia‚
347 605 525 686 visitabat,
542 610 658 692 ibique
675 609 734 674 diu
757 611 792 673 in
817 610 975 675 oratione
998 621 1154 694 prostra-
1167 631 1247 672 creor

206 711 262 766 tus
291 704 359 768 Dei
390 707 658 772 misericordiam
688 711 909 792 implorabat,
933 721 972 775 ut
1004 722 1154 777 mentem

204 802 280 885 ejus
297 805 334 866 in
347 824 498 869 amorem
515 828 588 871 suae
604 809 809 885 dilectionis,
828 831 890 891 per
907 811 1058 893 aliquam
1076 832 1153 876 cor-

203 904 297 983 poris
319 904 554 970 infirmitatem
572 928 675 988 qnam
695 910 866 971 sustinere
889 918 1017 991 posset,
1036 931 1152 975 corro-

205 1001 354 1078 boraret,
372 1023 441 1068 non
462 1012 577 1069 tamen
600 1008 651 1070 ita
675 1008 769 1070 utin
789 1008 892 1069 rebus
917 1008 1075 1073 humanis
1097 1011 1151 1073 in-

205 1101 331 1182 dignus
348 1103 403 1165 vel
417 1104 549 1167 inutilis
565 1114 759 1187 appareret.
812 1105 969 1188 Cumque
983 1108 1057 1172 haec
1074 1110 1151 1172 diu-

1166 683 1259 724 adnm.

204 1200 274 1262 tius
288 1201 322 1263 in
339 1221 468 1282 magna
486 1205 611 1267 mentis
627 1206 811 1268 devotione
826 1224 848 1267 a
860 1205 1010 1270 Domino
1028 1216 1150 1289 postu-

203 1299 322 1376 lasset,
345 1309 424 1382 post
450 1301 703 1384 aliquantulum
727 1305 892 1386 temporis
912 1306 1150 1383 interstitium,

204 1398 271 1462 Dei
293 1419 445 1477 munere,
471 1400 526 1464 fici
555 1403 706 1466 dolorem
734 1404 900 1484 incurrit;
936 1405 972 1467 in
998 1426 1067 1487 quo
1090 1407 1151 1470 diu

201 1504 237 1560 et
252 1517 344 1579 aegre
360 1519 423 1581 per
438 1501 567 1565 multos
582 1501 744 1567 laborans
761 1522 882 1579 annos,
899 1504 1030 1568 devita
1045 1506 1150 1570 etiam

203 1597 420 1679 desperabat.

255 1770 405 1850 Quomodo
420 1793 473 1836 rea
488 1773 639 1856 Alsrodos
652 1772 690 1837 ab
706 1796 771 1839 ooo
784 1775 965 1860 apritodino
982 1784 1108 1840 eurotas

427 1873 462 1935 io
476 1872 575 1935 aliern
589 1873 734 1938 inciderit
744 1875 929 1959 proniorem.

254 1993 414 2073 Quodam
433 2016 515 2059 vero
543 2004 709 2078 ternpore,
732 2017 811 2060 cum
839 1998 1006 2060 instinctu
1033 1997 1151 2061 divino

205 2093 415 2157 Cornubiam
440 2097 555 2176 gratia
578 2097 726 2159 venandi
750 2097 883 2159 veniret
909 2105 944 2160 et
970 2096 1013 2158 ad
1042 2095 1151 2158 eccle·

204 2193 290 2255 siam
313 2195 488 2275 quandam
513 2195 633 2259 orandi
657 2215 764 2258 causa
789 2195 999 2270 divertisset,
1023 2195 1152 2275 inqua

204 2284 364 2356 ¹sanctus
385 2292 525 2357 Gueriir
548 2302 759 2375 sanctusque
783 2293 944 2357 Neothus
967 2292 1152 2373 degebant,

204 2391 264 2454 diu
279 2393 388 2455 tacita
404 2393 439 2455 in
454 2394 610 2456 oratione
625 2400 833 2476 prostratus,
850 2393 918 2457 Dei
934 2392 1151 2455 clementiam

206 2492 425 2572 precabatur,
453 2502 626 2575 quatenus
659 2494 835 2556 molestias
868 2491 1066 2555 infestantis
1099 2492 1152 2553 in·

207 2590 376 2653 commodi
399 2591 631 2672 qualicunque
654 2591 855 2656 infirmitate
876 2591 997 2654 leviori
1015 2610 1153 2672 permu-

207 2695 309 2766 taret,
336 2690 388 2752 ita
414 2698 528 2753 tamen
557 2691 649 2772 quod
683 2690 744 2753 illa
768 2692 804 2753 in
828 2710 972 2772 corpore
999 2690 1154 2753 exterius

206 2806 275 2851 non
299 2798 493 2870 appareret,
510 2809 552 2852 ne
570 2790 614 2851 ab
627 2790 822 2852 hominibus
840 2790 1035 2871 despectior
1049 2788 1154 2851 habe-

207 2895 310 2950 retur.
366 2887 484 2951 Finita
500 2908 638 2971 quoque
664 2889 831 2964 oratione,
848 2896 1000 2970 coeptum
1017 2888 1083 2950 iter
1101 2906 1155 2949 ar-

207 2985 315 3068 ripuit
337 2994 373 3050 et
394 3007 463 3051 non
490 2987 599 3050 multo
625 2995 705 3070 post
723 2995 887 3069 tempore,
909 2994 949 3050 ut
965 2985 1080 3049 suerat
1096 2987 1156 3049 de-

209 3092 383 3167 precatus,
401 3086 446 3149 ab
470 3086 531 3150 illo
550 3086 669 3150 dolore
689 3087 826 3168 penitus
848 3093 902 3149 est
919 3084 1098 3148 absolutus
1121 3091 1157 3147 et

209 3184 253 3247 ad
280 3185 470 3267 perfectum
490 3186 609 3250 divina
634 3186 797 3266 largitate
823 3191 987 3263 curatus3
1014 3183 1073 3245 sed
1096 3182 1158 3245 illa

208 3282 409 3348 infirmitate
426 3293 571 3361 remota,
586 3285 657 3348 alia
674 3283 782 3347 multo
799 3283 994 3358 molestior,
1013 3280 1157 3344 affectus

209 3383 341 3447 scilicet
358 3384 570 3466 nuptiarum,
587 3384 684 3447 illum
697 3383 836 3458 invasit,
854 3400 934 3464 quae
952 3400 973 3443 a
990 3380 1158 3461 vigesimo

210 3482 325 3546 aetatis
341 3502 415 3546 suae
435 3502 525 3546 anno
549 3482 718 3565 usquead
736 3479 1040 3563 quadragesimum
1057 3478 1157 3561 quin-

210 3588 284 3644 tum
300 3583 413 3663 ipsum
439 3582 690 3645 incessabiliter
703 3581 877 3662 fatigavit.
930 3577 972 3640 In
990 3579 1056 3641 hoc
1072 3597 1158 3660 quo·
1172 3598 1286 3648 ranna

210 3699 278 3762 que
296 3682 525 3744 tentationum
543 3682 680 3745 turbine
708 3680 781 3743 nati
798 3687 881 3742 sunt
898 3679 929 3740 ei
946 3677 1009 3741 lilii
1027 3685 1062 3741 et
1079 3677 1160 3740 filiae
1171 3649 1265 3690 ”m

209 3779 252 3842 de
280 3780 482 3861 supradicta
504 3780 625 3861 regina
647 3799 723 3856 sna,
746 3780 883 3842 nomine
906 3775 1078 3854 Aswitha,
1102 3776 1161 3859 qui

249 3948 255 3977 ¹
275 3948 381 3997 Sanctus
405 3949 532 4011 Gaeriir,]
554 3949 599 3996 ‘in
623 3965 675 4009 qna
701 3949 804 4008 Guerir‚
813 3948 862 3996 and
871 3946 953 3995 called
961 3945 1074 3993 asserhis
1082 3959 1165 4004 name,

212 4024 315 4067 sanctus
322 4016 425 4079 Gueryr
436 4019 572 4079 requiescit
578 4023 603 4067 et
609 4034 675 4066 nunc
701 4032 755 4065 was
766 4017 831 4066 aiter
841 4017 881 4064 his
892 4015 976 4064 burial
990 4014 1060 4062 there
1071 4014 1164 4060 known

211 4088 287 4136 etiam
323 4093 428 4136 sanctus
457 4089 555 4136 Neotus
583 4088 675 4136 ibidem
702 4087 789 4147 bytbe
802 4082 1053 4134 nameoi8.Neot's.
1070 4082 1164 4142 Spelm.

211 4157 330 4219 pausat?
358 4159 446 4217 Aeser,
475 4173 500 4217 p.
531 4160 572 4205 lo.
624 4157 677 4204 The
704 4156 760 4204 Lite
772 4155 801 4203 ot
809 4154 890 4203 Aelfr.
902 4169 928 4214 p.
944 4156 999 4200 1³9.

212 4225 318 4286 choreb,
340 4225 423 4274 before
447 4225 581 4274 dedicated
604 4231 629 4273 to
651 4226 678 4275 S.

264 4316 339 4363 V0b·
368 4316 389 4362 l·
993 4311 1017 4356 Y
