3000 5004
187 627 306 670 manat

186 680 207 722 Β,
216 679 312 720 dolah

345 436 410 499 440
604 449 738 498 nocnnr
762 448 809 495 nn
827 446 1035 496 wennovnn

348 607 537 681 sauciatur,
569 605 613 668 ad
646 605 792 669 classem
824 603 1037 686 perducitur,
1063 603 1099 666 in
1126 620 1305 666 carcerem

349 705 550 782 retruditur,
573 712 608 767 et
635 724 695 786 per
717 723 853 767 menses
874 712 1007 785 septem
1034 703 1082 765 ibi
1107 711 1304 784 torquetur,

349 814 389 869 ut
414 825 451 868 se
482 803 525 867 ad
558 803 792 866 redimendum
824 802 1006 866 lacessitus
1032 802 1169 885 injuriis
1197 820 1304 882 coge-

351 912 471 981 retur;
503 902 564 966 sed
590 903 680 966 inter
709 902 783 965 haec
812 902 940 978 omnia,
968 901 1005 964 in
1029 900 1198 983 populum
1226 901 1305 962 infi-

351 1002 462 1066 delem
490 1002 543 1064 ira
568 1000 695 1064 divinae
718 1000 910 1064 clementiae
933 1001 984 1064 ita
1009 999 1167 1076 desaevit,
1190 1008 1231 1062 ut
1258 1019 1304 1062 ex

353 1103 403 1166 eis
436 1102 480 1165 ad
511 1101 580 1164 duo
609 1099 718 1163 millia
745 1119 807 1182 per
833 1099 1086 1163 interaneorum
1113 1097 1307 1162 dirissimos

353 1202 528 1266 cruciatus
550 1207 760 1282 prostraret3
784 1197 844 1261 sed
868 1217 946 1261 cum
966 1217 1029 1261 nec
1046 1199 1095 1261 sic
1110 1197 1309 1279 proditores

355 1300 493 1364 nefandi
519 1297 563 1362 ad
586 1296 824 1380 poenitentiam
849 1296 996 1360 fuissent
1016 1296 1212 1379 provocati,
1233 1296 1308 1360 Da·

356 1420 422 1463 nus
445 1397 598 1481 quidam,
620 1395 753 1459 Thrum
775 1396 924 1473 nomine,
944 1415 1023 1458 cum
1048 1396 1181 1459 videret
1205 1413 1309 1459 sanc·

357 1508 431 1563 tum
462 1495 756 1578 archiepiscopum
787 1495 895 1558 tantis
927 1493 1033 1575 affligi
1063 1495 1245 1558 tormentis
1273 1503 1310 1559 et

357 1597 458 1679 quasi
480 1596 567 1658 mori
592 1614 661 1658 non
686 1613 800 1676 posse,
821 1593 929 1675 impia
950 1594 1080 1675 pietate
1102 1601 1310 1671 commotus,

358 1696 505 1759 securim
529 1692 635 1774 capiti
664 1693 740 1776 ejus
765 1691 891 1769 infixit,
916 1701 952 1756 et
979 1693 1023 1755 ab
1049 1691 1311 1775 archiepiscopo

359 1800 559 1857 constanter
587 1790 764 1855 Christum
796 1789 981 1854 confitente
1013 1800 1199 1874 martyrem
1233 1792 1310 1872 glo·

359 1891 487 1956 riosum
517 1887 679 1966 efficiens,
703 1890 854 1953 animam
886 1889 1102 1954 exultantem
1132 1890 1178 1953 ad
1203 1891 1311 1955 caelos

360 1989 565 2054 transmisit.
617 1981 679 2051 lIn
706 1988 784 2053 loco
807 2007 945 2071 quoque
971 1989 1155 2072 passionis,
1176 1988 1311 2070 lignum

361 2089 495 2153 aridum
523 2106 644 2151 cruore
669 2087 746 2171 ejus
769 2107 975 2169 respersum,
1001 2107 1080 2151 cum
1113 2088 1179 2150 sub
1207 2090 1314 2153 unius

362 2189 475 2252 noctis
508 2187 654 2250 termino
684 2187 840 2263 reviruit,
873 2195 908 2250 et
938 2186 1077 2250 frondes
1109 2206 1188 2252 cum
1220 2187 1314 2253 foliis

363 2288 489 2364 emisit,
515 2285 682 2363 infideles,
708 2287 783 2349 viso
810 2285 988 2363 miraculo,
1015 2287 1188 2369 perterriti
1219 2296 1315 2365 sunt,

363 2394 399 2449 et
431 2404 556 2467 corpus
588 2385 843 2448 sanctissimum
877 2385 1035 2449 certatim
1070 2385 1314 2450 deosculantes

365 2484 564 2547 Londonias
595 2483 680 2547 illud
709 2483 788 2547 vehi
818 2484 1033 2565 permittunt,
1064 2485 1122 2548 ubi
1155 2483 1315 2551 honestae

364 2582 513 2646 traditur
534 2582 733 2663 sepulturae.
787 2583 932 2658 Deinde,
949 2583 1093 2647 decurso
1103 2579 1228 2647 ¹decem
1251 2605 1315 2648 an·

366 2699 487 2744 norum
512 2680 638 2761 spatio,
655 2681 744 2743 idem
766 2701 892 2764 corpus
914 2682 957 2744 ab
974 2683 1066 2746 omni
1082 2685 1315 2765 corruptionis

364 2779 441 2842 labe
468 2779 618 2841 immune
644 2779 797 2843 levatum
821 2780 1045 2845 Cantuariam
1076 2781 1230 2847 defertur
1256 2784 1315 2847 de-

364 2878 499 2941 centius
523 2876 773 2954 collocandum,
791 2880 849 2942 ubi
873 2899 982 2960 usque
1004 2880 1039 2942 in
1057 2900 1211 2962 praesens
1228 2891 1316 2946 tem·

363 2997 430 3059 pus
453 2997 572 3042 recens
594 2977 696 3041 durat
721 2979 877 3059 sanguis,
897 2987 933 3041 et
954 2980 1108 3061 corporis
1130 2980 1316 3062 integritas

360 3077 507 3141 illibata.
1048 3142 1051 3147 .

421 3175 509 3240 Post
536 3175 624 3252 haec,
654 3177 887 3240 invalescente
917 3197 979 3259 per
1009 3185 1118 3241 totam
1149 3177 1316 3261 Angliam

364 3276 518 3357 generali
536 3277 786 3356 persecutionis
801 3277 907 3354 rabie,
923 3277 1074 3358 perfidus
1091 3271 1176 3341 ²dux
1191 3279 1315 3343 Eadri·

365 3393 439 3451 cuS,
462 3382 497 3438 et
519 3393 638 3437 omnes
662 3374 900 3457 cujuscunque
926 3376 1055 3439 ordinis
1077 3385 1112 3440 et
1134 3377 1317 3459 dignitatis

366 3475 543 3555 primates,
583 3480 664 3537 ante
700 3472 906 3537 Paschalem
942 3475 1184 3540 solennitatem
1222 3479 1314 3560 apud

366 3574 484 3637 urbem
508 3572 765 3637 Londoniarum
790 3574 1004 3655 congregati,
1032 3575 1164 3638 tamdiu
1187 3576 1315 3640 ibidem

365 3690 443 3734 cum
469 3692 550 3751 rege
572 3691 702 3734 moram
726 3672 893 3748 fecerunt,
913 3693 1093 3755 quousque
1117 3675 1229 3737 Danis
1254 3678 1318 3739 tri·

365 3770 486 3832 butum
516 3763 762 3852 ³quadraginta
793 3780 872 3834 octo
901 3771 1046 3835 millium
1076 3773 1243 3837 librarum
1274 3796 1317 3840 eo

400 3938 407 3968 ¹
420 3936 451 3983 Ia
463 3935 632 3996 locuplesque]
656 3935 709 3983 The
727 3935 835 3984 follow·¹
848 3937 891 3986 the
905 3938 965 3987 Sar.
985 3938 1080 3989 Chron.
1098 3941 1148 3988 and
1167 3942 1296 3994 Floreuce.

365 4008 409 4069 ing
420 4004 522 4053 miracle
534 4004 556 4052 is
568 4003 629 4051 from
642 4004 683 4052 the
695 4005 739 4053 life
755 4006 784 4054 of
797 4008 824 4056 S.
884 4004 1080 4070 'Quadraginta
1099 4011 1184 4074 octa]
1209 4013 1243 4060 So
1259 4014 1315 4061 also

364 4074 471 4126 Aelfenh
484 4074 517 4135 by
529 4072 638 4135 0sbern,
648 4089 674 4134 p.
687 4078 744 4123 lll.
850 4077 977 4126 Florence.
1012 4078 1066 4127 The
1084 4080 1146 4129 Sex.
1158 4081 1252 4131 (lhron.
1266 4084 1317 4131 and

401 4145 412 4173 ²
423 4147 483 4194 Dux
496 4143 625 4205 liudricus,
635 4148 659 4191 et
670 4144 771 4206 umnec]
795 4144 824 4192 In
851 4147 1017 4209 Huntingdou
1029 4163 1085 4212 say,
1092 4150 1151 4212 only
1160 4151 1230 4214 eight
1242 4152 1316 4201 thom

365 4217 407 4266 the
426 4231 485 4277 year
496 4215 635 4276 following,
648 4213 783 4276 according
800 4219 825 4263 to
850 4217 924 4267 send.
