3000 5004
464 427 605 474 ruonns
629 425 898 476 msronmnuu.
1088 410 1153 478 123

201 582 355 664 loquium
390 583 506 664 angeli
542 584 648 648 fnisse
679 593 854 662 vocatum,
888 585 1073 668 prohibens
1110 590 1287 691 nerpfflr

201 682 279 764 quis
308 702 387 745 enm
420 693 633 765 sequeretur,
656 704 699 747 ne
725 685 814 749 forto
836 686 968 749 visione
995 684 1154 766 angelica
1278 679 1283 690 ’

202 782 397 846 moriretur.
461 782 527 846 Ille
554 791 671 846 autem
702 785 878 847 cumulum
907 785 989 860 fimi,
1022 804 1065 847 ne
1096 799 1286 847 ca-uuduu·

173 956 177 963 p
202 881 315 944 dendo
330 881 525 958 laederetur,
542 884 730 946 ascendens
754 885 847 947 illico
863 885 992 947 corruit
1005 885 1041 947 in
1058 903 1154 947 acer·

203 1000 297 1057 vum,
329 989 364 1044 et
397 980 464 1044 huc
492 989 598 1062 atque
628 983 711 1046 illuc
744 984 968 1047 volutabatur
1005 983 1155 1047 stridens

203 1080 365 1143 dentibus
400 1087 435 1144 et
467 1100 657 1163 spumans3
690 1083 781 1163 quod
814 1082 935 1146 videns
969 1083 1156 1145 multitudo

204 1198 385 1262 porcorum
410 1199 489 1262 quac
514 1180 635 1244 aderat
657 1200 865 1244 concurrens
895 1182 1060 1262 illumque
1086 1182 1156 1244 dis·

203 1298 347 1362 cerpens
372 1279 566 1343 suffocavit.
620 1280 721 1343 Uxor
743 1288 858 1344 autem
873 1289 908 1343 et
926 1280 1058 1343 familia
1079 1279 1156 1361 ejus

203 1379 386 1442 audientes
411 1379 598 1442 tumultum
626 1398 808 1462 porcorum
827 1381 999 1455 exierunt,
1022 1387 1058 1442 et
1080 1398 1156 1442 cor-

206 1496 272 1559 pus
301 1478 430 1540 domini
455 1479 508 1540 sni
535 1479 570 1540 in
593 1479 746 1542 maxima
772 1487 870 1560 parte
898 1498 918 1541 a
945 1479 1059 1560 porcis
1081 1497 1156 1541 cor-

208 1596 321 1639 rosum
350 1578 587 1660 ⁴iuvenernut3
620 1586 848 1641 veruntamen
881 1577 1045 1658 reliquias
1077 1597 1156 1659 por·

207 1695 324 1739 corum
349 1676 552 1758 colligentes
583 1676 619 1739 in
650 1676 774 1741 locello
803 1697 908 1740 aureo
931 1683 967 1739 et
992 1684 1157 1758 argenteo

206 1775 397 1839 fabrefacto
420 1775 607 1839 honorifice
635 1785 836 1858 posuerunt,
859 1783 1041 1840 narrantes
1064 1776 1155 1857 quod

199 1875 322 1955 angeli
354 1875 422 1938 Dei
452 1876 514 1938 vix
545 1895 671 1956 corpus
704 1877 741 1939 in
778 1885 871 1939 terra
911 1875 1157 1956 relinquentes

206 1975 357 2037 animam
393 1974 590 2038 caelestibus
624 1974 755 2039 deliciis
788 1995 865 2038 cum
903 1975 1031 2056 gaudio
1064 1974 1158 2036 intu-

207 2073 333 2137 lerunt.
392 2074 524 2137 Docuit
549 2081 719 2156 practerea
749 2074 841 2157 quod
874 2073 921 2150 hi,
950 2074 1010 2155 qui
1045 2073 1157 2136 iuimi-

208 2192 267 2235 cos
292 2172 455 2236 occidunt
478 2174 534 2237 vel
565 2175 609 2236 ab
638 2175 786 2237 inimicis
814 2173 1028 2249 occiduntur,
1054 2191 1156 2253 para·

208 2271 321 2335 disum
346 2273 597 2352 ingrediantur,
623 2278 659 2335 et
678 2273 725 2335 ibi
753 2291 828 2335 esse
856 2271 1005 2336 carnalis
1028 2272 1096 2334 cibi
1121 2280 1156 2337 et

208 2378 312 2453 potus
337 2371 571 2448 resectionem,
590 2372 714 2453 ibique·
731 2372 880 2434 existere
905 2371 1048 2434 fluvium
1070 2371 1156 2447 vini,

207 2470 308 2534 lactis
334 2477 370 2534 et
386 2470 508 2547 mellis,
524 2478 559 2534 et
572 2470 852 2534 commixtionem
876 2471 1056 2532 mulierum
1079 2489 1156 2532 car·

209 2569 321 2633 nalem
340 2590 409 2633 non
423 2569 645 2652 praesentium
660 2571 720 2633 sed
735 2570 894 2646 aliarum,
908 2589 1044 2633 omnem
1059 2568 1157 2632 afflu-

207 2677 321 2732 entem
337 2669 563 2752 voluptatem.
616 2669 746 2732 Hicin
770 2689 878 2750 reguo
905 2669 1156 2732 Saracenorum

206 2776 357 2851 quatuor
374 2776 539 2853 praetores
553 2770 686 2845 statuit,
704 2788 791 2851 quos
802 2763 1038 2832 ¹Admirallios
1051 2787 1157 2832 voca-

207 2869 269 2945 vit,
286 2869 438 2950 seipsum
457 2868 761 2950 Protosymholum
776 2869 944 2950 appellari
961 2868 1054 2931 fecit.
1089 2867 1156 2930 Eo·

204 2967 282 3031 dem
303 2987 394 3030 anuo
407 2962 618 3045 'Honorius
633 2987 726 3050 papa
742 2968 981 3048 sexagesimus
999 2973 1303 3077 octavu3,11,1⁰22⁰riu·¹·

206 3067 296 3131 sedit
316 3067 353 3129 in
369 3067 533 3130 cathedra
551 3067 713 3130 Romana
727 3066 828 3130 annis
850 3065 1043 3141 duodecim,
1060 3084 1155 3127 men·
1221 3054 1228 3068 ’

208 3167 303 3230 sibus
328 3166 499 3242 undecim,
522 3167 641 3230 diebus
672 3166 916 3247 septendecim,
944 3173 979 3228 et
1005 3164 1156 3228 cessavit

202 3265 305 3329 vsedes
322 3266 496 3329 mensibus
511 3272 641 3347 septem
657 3272 693 3329 et
707 3265 827 3327 diebus
842 3263 1043 3327 octodecim.

244 3362 481 3447 Annogratiae
492 3358 1279 3438 noxmru³sauctusRomanus,Rotho·A·1>·⁰²³·

1170 3421 1280 3461 sommus

207 3465 382 3546 magensis
405 3464 697 3547 archiepiscopus,
713 3463 899 3526 sanctitate
917 3469 953 3525 et
969 3462 1156 3525 virtutibus
1169 3470 1293 3562 ςῗιξξξξζν

243 3713 440 3776 ¹Admirollios.]
453 3711 592 3774 ‘Amiraei‚'
602 3711 674 3774 Sige·
733 3708 860 3760 ’δαπάνα
879 3704 1025 3777 Romnum]
1047 3709 1097 3758 His
1113 3708 1158 3757 lile

205 3789 268 3838 bert.
697 3796 752 3830 was
762 3781 897 3843 published
906 3780 968 3829 from
980 3795 1012 3829 an
1024 3781 1094 3839 early
1105 3793 1159 3826 ma·

243 3855 254 3887 ²
277 3853 404 3904 Honorius
423 3852 520 3915 papa]
556 3852 672 3913 Sigebsrt
696 3853 811 3912 nuseript
837 3852 871 3911 by
898 3851 1013 3911 lligault,
1037 3851 1064 3898 in
1087 3852 1159 3897 1609.

209 3927 264 3976 nlso
275 3927 362 3987 places
372 3923 414 3971 the
425 3927 636 3971 commendement
646 3920 675 3969 ol
698 3921 740 3970 lle
769 3921 828 3969 held
851 3920 893 3968 the
918 3918 1106 3980 archbishopric
1133 3917 1162 3966 ol

211 3994 473 4054 Honorins'spapacy
488 3993 514 4040 in
532 3991 582 4040 this
595 4006 671 4052 year;
699 3991 785 4039 llouen
809 3991 867 4038 niue
883 4004 967 4050 years,
983 3989 1046 4037 from
1068 3991 1117 4035 626
1133 3991 1159 4034 to

209 4067 255 4115 but
274 4066 339 4126 Pagi
358 4063 408 4111 und
428 4063 514 4111 Munsi
531 4061 595 4110 have
612 4060 670 4109 both
696 4065 754 4120 0³5,
777 4061 803 4108 in
825 4059 867 4108 the
890 4060 1000 4108 October
1027 4058 1056 4105 os
1075 4056 1159 4104 which

208 4136 296 4184 shown
307 4135 362 4183 thal
377 4132 409 4181 he
420 4147 475 4180 was
493 4135 536 4179 not
550 4131 671 4179 ordained
697 4145 758 4189 year
773 4129 804 4177 hc
821 4129 890 4178 died.
914 4130 961 4179 See
978 4126 1113 4185 loeointe,
1131 4125 1159 4173 ii.

210 4206 273 4254 until
285 4205 327 4253 the
338 4202 398 4251 mlh
410 4201 470 4251 Oct.
482 4206 539 4251 625.
696 4215 721 4259 p.
734 4203 791 4247 tto.
1074 4211 1076 4215 ’
