3000 5004
409 462 452 526 12
668 475 801 525 aocssr
826 477 875 524 nn
896 476 1104 525 wnunovss

413 635 469 717 die
484 633 640 716 ejusdem
655 631 894 708 dedicationis,
909 640 1095 715 antequam
1111 631 1224 697 officia
1246 633 1368 700 incho-

414 741 567 809 arentur,
592 732 830 797 beatissimum
852 750 978 813 corpus
1001 732 1209 796 confessoris
1235 733 1366 798 Christi

415 831 583 897 Germani
607 851 669 913 per
696 829 867 893 Viennam
895 830 1128 912 deportatum,
1161 833 1196 895 in
1223 833 1367 897 eandem

415 932 596 997 ecclesiam
620 949 746 995 novam
771 929 979 1012 repausandi
1011 931 1126 1012 gratia
1157 934 1368 1013 portaretur,

416 1034 535 1115 sicque
561 1030 627 1093 viri
658 1030 726 1093 Dei
750 1029 957 1111 promissum
989 1036 1127 1094 constat
1155 1023 1367 1114 ¹impletnm.

416 1130 505 1209 Quae
523 1129 701 1203 miracula,
714 1147 793 1210 quse
804 1128 972 1191 virtutum
987 1128 1139 1209 insignia
1155 1149 1216 1211 per
1227 1132 1367 1195 beatum

416 1231 527 1294 virum
552 1228 587 1291 in
606 1228 790 1291 Britannia
815 1227 913 1291 Deus
931 1236 1093 1310 operatus
1110 1228 1168 1305 sit,
1192 1228 1290 1307 liber,
1304 1230 1365 1312 qui

414 1329 457 1394 de
470 1330 578 1412 ipsius
595 1328 668 1392 vita
683 1328 833 1408 scriptus
848 1333 913 1403 est,
930 1326 1044 1406 legere
1061 1327 1257 1392 volentibus
1278 1329 1367 1393 indi·

413 1430 519 1494 cabit.
564 1420 676 1491 'Beda
688 1434 804 1491 tamen
825 1425 861 1488 in
877 1425 1023 1489 historia
1033 1424 1228 1507 Anglorum
1246 1427 1363 1505 refert,

415 1531 528 1611 ipsum
544 1528 588 1590 ab
601 1527 667 1589 hoc
688 1525 805 1589 seculo
820 1524 989 1605 migrasse
1006 1544 1098 1589 anno
1117 1526 1252 1608 imperii
1269 1526 1368 1591 Mar-

416 1628 507 1691 ciani
521 1633 636 1700 sexto,
650 1625 710 1707 qui
726 1630 781 1687 est
797 1642 909 1687 annus
926 1631 1006 1707 post
1022 1623 1111 1688 hunc
1129 1619 1303 1690 ³octavns.

673 1800 844 1884 Philippus
850 1798 1011 1885 presbyter
1024 1798 1107 1865 odiit.

255 1951 366 1991 snut.
466 1923 571 1988 Anno
588 1922 711 2006 gratiae
726 1914 1078 2005 ccccur.⁴Philippus
1095 1925 1286 2006 presbyter,
1305 1944 1368 1988 au·

255 1999 405 2099 iiiiii&
416 2025 507 2088 ditor
530 2024 623 2088 beati
647 2022 867 2106 Hieronymi,
883 2021 943 2104 qui
968 2023 1004 2085 in
1027 2021 1049 2086 J
1054 2023 1098 2087 ob
1121 2023 1268 2105 simplici
1293 2044 1368 2088 ser-

254 2103 320 2150 mm·
417 2143 517 2187 mone
530 2123 638 2187 libros
651 2122 770 2200 edidit,
785 2122 875 2185 diem
889 2122 1016 2185 clausit
1031 2129 1238 2186 extremum.

667 2296 714 2358 Da
729 2294 856 2360 connire
874 2293 1116 2359 Chalcedonam.

258 2448 314 2488 sn.
324 2446 368 2488 m.
469 2419 574 2485 Anno
596 2420 719 2502 gratiae
734 2433 887 2483 ccccnu.
901 2425 1038 2483 mortuo
1053 2418 1251 2484 Theodosio
1262 2419 1371 2504 impe·

258 2499 383 2589 iiiii&
420 2527 547 2596 ratore,
581 2519 783 2582 Marcianus
816 2525 851 2580 et
874 2516 1142 2582 Valentinianus
1172 2538 1236 2583 sex
1267 2521 1368 2584 annis

419 2620 688 2700 imperavcmnt.
751 2615 909 2694 Quorum
936 2619 1034 2699 regni
1060 2618 1172 2695 initio,
1197 2619 1369 2684 industria

419 2719 513 2782 beati
530 2717 658 2783 Leonis
672 2735 786 2800 papae,
805 2710 1098 2781 ⁵Chalcedouense
1114 2718 1297 2783 concilium
1313 2739 1370 2784 ce·

419 2817 585 2894 lehratur,
613 2818 672 2881 ubi
697 2816 873 2900 Eutyches
899 2836 977 2880 cum
1005 2816 1188 2894 Dioscoro‚
1210 2817 1369 2883 Alexan-

420 2916 519 2981 drino
549 2918 723 3000 episcopo,
759 2911 1012 2980 convincuntur
1042 2917 1179 2998 publice
1208 2925 1244 2982 et
1271 2919 1370 2982 dam-

420 3023 560 3080 nantur.
616 3016 699 3080 Erat
716 3023 832 3080 autem
847 3014 1023 3098 Eutyches
1046 3017 1154 3080 abbas
1171 3015 1371 3082 Constanti·

420 3116 654 3199 nopolitanus‚
686 3116 745 3197 qui
778 3114 955 3178 Christum
981 3124 1063 3197 post
1096 3115 1282 3181 humanam
1314 3137 1371 3181 as·

419 3217 650 3298 sumptionem
674 3215 817 3297 negavit
831 3215 981 3278 existere
1003 3215 1046 3278 de
1068 3215 1203 3279 duabus
1225 3217 1371 3295 naturis,

419 3315 479 3380 sed
495 3317 604 3380 solam
618 3314 772 3380 divinam
790 3315 827 3376 in
843 3333 885 3378 eo
903 3315 1052 3379 asseruit
1068 3333 1144 3379 esse
1160 3323 1332 3382 naturam.

455 3499 629 3566 ¹1mpletam.]
645 3502 727 3550 There
739 3500 762 3548 is
772 3513 805 3547 no
816 3512 884 3548 men·
945 3495 955 3526 ³
972 3498 1100 3562 Ostensa]
1124 3499 1238 3549 Another
1259 3500 1372 3552 instance

418 3573 470 3621 lion
481 3571 510 3619 of
518 3571 568 3621 this
581 3585 732 3620 occurrence
747 3570 773 3617 in
785 3568 827 3617 the
839 3567 883 3617 life
909 3568 938 3617 of
944 3567 987 3616 the
999 3569 1129 3618 confusion
1141 3571 1167 3618 in
1179 3569 1230 3619 this
1240 3585 1360 3633 passage.

417 3642 446 3690 of
454 3642 598 3691 Germanus
614 3641 648 3701 by
659 3638 824 3690 &actantiae
840 3639 884 3686 be·
943 3636 1121 3702 ⁴Philr'ppss.]
1144 3640 1195 3689 llis
1211 3640 1284 3689 work
1302 3655 1372 3703 upon

419 3710 472 3760 fore
483 3710 559 3759 cited.
907 3708 958 3757 Job
981 3723 1036 3758 was
1063 3709 1163 3771 printed
1191 3717 1218 3759 at
1240 3711 1318 3760 Basle
1345 3713 1371 3760 in

453 3775 883 3841 2Βιιὶα.]ἸἺιὶεἱεειεῑιῈιιςοιιιὶε-
910 3782 983 3839 152⁷,
1016 3779 1121 3828 entitled
1154 3780 1373 3831 ‘Commentarius

418 3848 488 3909 tale,
506 3862 535 3897 as
556 3848 628 3897 Beda
649 3847 781 3908 expressly
803 3849 883 3895 states
907 3848 961 3896 sive
972 3850 1080 3908 mystica
1090 3851 1215 3910 expositio
1232 3850 1375 3913 inJoburn,

418 3918 473 3966 that
485 3917 628 3967 Germanus
645 3918 705 3965 died
722 3921 748 3964 at
762 3917 883 3964 Ravenna
906 3917 979 3966 libris
995 3920 1076 3969 tribus
1099 3920 1219 3970 distincta
1235 3921 1372 3982 dicamque

418 3989 444 4036 in
467 3987 510 4035 the
529 3988 589 4037 time
610 3988 639 4036 of
654 3987 816 4035 Valentinian
831 3986 883 4034 and
908 3988 1027 4038 Nestorio
1038 3991 1176 4052 episeopo!

419 4057 547 4107 Placidia.
602 4058 629 4105 lt
662 4058 686 4106 is
721 4056 882 4104 Valentinian
943 4056 1176 4123 ⁸chalcedonense]
1198 4058 1252 4107 The
1272 4061 1371 4109 council

418 4128 476 4176 who
496 4127 528 4176 he
544 4142 604 4189 says
622 4141 676 4176 was
694 4125 774 4175 killed
794 4127 819 4175 in
840 4126 882 4176 the
906 4127 935 4175 of
944 4128 1150 4190 Chalcolomthe
1168 4128 1251 4178 fourth
1269 4132 1372 4191 general

418 4199 485 4246 sixth
504 4213 566 4259 year
581 4199 610 4248 of
623 4199 665 4247 the
682 4211 796 4260 emperor
812 4197 883 4246 Mar·
906 4199 1014 4255 couneil,
1036 4213 1091 4246 was
1118 4198 1246 4248 convened
1274 4200 1300 4247 in
1328 4200 1371 4250 the

416 4268 483 4330 elan,
494 4268 508 4330 ἦ
518 4271 558 4317 le.
906 4268 1025 4328 previous
1037 4282 1104 4329 year.
