3000 5004
393 395 533 446 neonus
556 397 827 447 msronmuuu.
1016 382 1082 447 207

128 560 303 618 momento
320 553 475 636 replevit.
508 554 716 635 Baptizatus
732 562 785 618 est
795 553 909 618 inians
923 561 960 619 et
968 553 1083 620 Guth-

126 654 225 718 lacus
247 661 430 735 parentum
454 652 570 717 studio
594 661 648 718 est
665 661 833 734 vocatns3
864 673 942 718 cum
964 662 1081 719 autem

128 752 373 817 adolescentiae
388 754 480 816 vires
503 761 540 817 et
566 760 652 817 aetas
674 755 937 831 succrevissent,
956 774 1081 836 aggre·
1137 837 1141 845 1

128 854 221 935 gatis
246 852 312 916 sibi
331 851 521 916 satellitum
548 852 682 930 turmis,
710 853 753 916 ad
780 872 877 917 arma
901 872 977 918 sese
1000 873 1083 918 con-

129 953 257 1030 vertit3
285 951 350 1016 hoc
377 959 494 1016 tamen
519 971 565 1015 ex
582 953 703 1016 innata
724 953 790 1015 sibi
812 954 970 1017 bonitate
994 973 1081 1017 sem*

130 1072 192 1134 per
207 1051 420 1128 vindicabat,
435 1050 527 1133 quod
543 1050 586 1115 de
602 1052 732 1133 rapinis
748 1052 986 1134 undecumque
1008 1052 1081 1116 col·

128 1151 240 1227 lectis,
259 1152 397 1215 tertiam
415 1159 550 1232 partem
571 1151 653 1228 illis,
674 1152 734 1233 qui
748 1170 808 1213 eas
823 1159 904 1214 ante
920 1151 1082 1233 possede-

130 1259 221 1327 rant,
237 1252 445 1315 remittebat.
490 1249 580 1314 Octo
596 1251 704 1331 igitur
718 1268 887 1314 annorum
901 1251 1081 1314 curriculis

129 1351 167 1414 in
190 1350 255 1414 hac
280 1349 460 1414 ferocitate
484 1349 649 1427 decursis,
676 1357 777 1413 nocte
804 1348 953 1431 quadam
980 1350 1016 1412 in
1042 1369 1081 1412 se

131 1469 290 1514 reversus
304 1450 482 1513 revocavit
498 1448 542 1512 ad
557 1448 769 1525 memoriam,
781 1468 886 1530 quam
905 1449 1019 1512 inanis
1035 1449 1082 1512 sit

132 1548 234 1633 hujus
257 1547 376 1611 mundi
398 1549 522 1630 gloria,
538 1557 574 1612 et
590 1548 707 1612 sutura
724 1549 900 1611 damnatio
924 1549 1082 1630 perennis

131 1656 168 1712 et
192 1650 345 1727 incerta;
371 1667 471 1711 mane
491 1649 609 1729 itaque
626 1648 731 1724 sacto,
748 1655 910 1729 parentes
938 1647 1082 1729 compli-

131 1766 257 1830 cesque
275 1746 456 1829 praedones
479 1747 688 1829 relinquens,
711 1746 755 1809 ad
778 1747 1024 1811 monasterium
1045 1747 1082 1809 in

133 1839 365 1928 'Rependune
392 1855 475 1911 tunc
490 1845 660 1910 famosum
677 1847 847 1929 pervenit,
868 1847 983 1929 ibique
1003 1854 1082 1910 ton·

131 1965 247 2009 suram
263 1953 299 2009 et
315 1945 472 2009 habitum
488 1946 681 2010 clericalem
704 1947 895 2028 suscipiens
912 1946 1084 2028 poeniten.

132 2045 216 2109 tiam
230 2045 383 2109 decrevit
396 2064 500 2126 agere
514 2044 717 2108 delictorum
732 2066 741 2125 ;
765 2044 889 2109 deinde
910 2047 1019 2109 sacris
1041 2045 1084 2108 li·

133 2146 217 2209 teris
244 2153 281 2209 et
303 2145 504 2213 monasticis
527 2144 708 2208 institutus
731 2144 936 2226 disciplinis,
963 2145 1083 2226 singu·

131 2243 243 2308 lorum
261 2245 407 2309 virtutes
429 2244 523 2308 solus
541 2244 675 2307 studuit
691 2244 869 2322 aemulari3
898 2244 998 2308 lectis
1021 2262 1085 2306 au-

132 2350 202 2411 tem
219 2344 406 2408 virtutibus
428 2343 686 2420 monachorum,
702 2345 762 2424 qui
779 2344 888 2408 vitam
905 2344 1083 2425 elegerant

132 2443 336 2520 solitariam,
352 2443 525 2506 heremum
548 2444 759 2527 concupivit,
776 2444 911 2526 iterque
937 2443 1084 2525 arripuit

133 2550 172 2606 ut
195 2542 309 2607 locum
332 2541 493 2606 idoneum
518 2543 700 2607 inveniret.
742 2542 899 2606 Tandem
916 2542 960 2606 ad
983 2543 1084 2626 palu·

133 2641 211 2706 dem
236 2661 411 2724 magnam,
428 2660 507 2724 quae
534 2641 579 2705 ad
602 2643 743 2725 plagam
768 2644 970 2707 orientalem
989 2643 1084 2707 Mer·

132 2742 265 2806 ciorum
287 2743 356 2806 sita
378 2750 444 2818 est,
460 2743 678 2824 perveniens,
691 2760 770 2825 quea
793 2743 840 2806 sit
856 2743 1007 2825 qualitas
1030 2762 1086 2806 re-

134 2841 249 2922 gionis
278 2841 373 2905 illius
406 2841 592 2922 diligenter
620 2842 788 2924 inquirit3
827 2849 910 2906 tuuc
939 2842 1023 2906 dicit
1052 2840 1086 2905 ei

133 2933 303 3022 'quidam
320 2940 357 3004 in
374 2940 436 3005 illa
457 2940 582 3022 palude
596 2950 698 3005 vasta
714 2942 863 3005 insulam
880 2960 956 3004 esse
973 2960 1086 3004 remo·

134 3040 270 3117 tiorem,
295 3059 400 3122 quam
425 3040 525 3104 multi
547 3039 742 3105 inhabitare
768 3047 1001 3116 tentaverant,
1024 3039 1086 3103 sed

134 3148 277 3222 propter
304 3139 431 3203 heremi
457 3146 612 3203 monstra
634 3141 678 3204 ab
704 3140 862 3203 omnibus
890 3139 961 3202 fere
985 3137 1085 3203 relic·

137 3246 220 3303 tam.
273 3238 354 3304 Hoc
372 3239 506 3316 audito,
520 3239 575 3303 vir
590 3238 658 3302 Dei
672 3239 762 3302 hunc
777 3240 843 3303 sibi
859 3238 973 3302 locrun
987 3240 1085 3321 [pos·
1098 3258 1132 3298 u
1140 3259 1237 3298 emme·

135 3337 243 3420 tulat]
259 3337 424 3418 indicari3
441 3345 481 3403 at
495 3337 553 3402 ille
568 3338 770 3421 scaphulam
784 3339 956 3419 accipiens
972 3339 1139 3421 pisca-10
1097 3308 1224 3410 chssffiss

136 3437 261 3502 toriam
283 3446 443 3502 sanctum
461 3437 529 3501 Dei
544 3438 657 3503 virum
678 3438 723 3502 ad
748 3438 862 3501 locum
876 3457 986 3519 usque
1008 3458 1088 3520 per

137 3535 250 3602 duxit.
304 3536 395 3602 Haec
412 3537 553 3601 insula‘
565 3536 748 3602 Croiland'
759 3538 970 3621 appellatur,
981 3556 1088 3620 quam

137 3637 255 3701 nullus
270 3644 376 3701 antea
390 3636 586 3701 inhabitare
604 3655 710 3701 ausus
729 3638 842 3702 fuerat
858 3644 1001 3720 propter
1016 3638 1088 3702 dae-

137 3754 279 3801 monum
307 3736 356 3801 ibi
385 3737 639 3801 demorantium
662 3737 833 3802 terribiles
863 3737 1087 3820 phantasius;

136 3835 186 3899 ibi
200 3836 255 3901 vir
269 3844 413 3901 sanctus
424 3835 519 3901 solus
535 3836 691 3901 habitare
705 3837 812 3919 coepit
829 3837 922 3901 beati
941 3837 1091 3901 Bartho-

173 4041 180 4071 ¹
195 4044 361 4109 Μάνη]
387 4045 558 4107 Reppingtom
574 4059 603 4093 or
662 4043 813 4109 ”Qunam
831 4045 972 4109 tatwinus,
991 4047 1094 4096 accord·

136 4113 246 4178 liepton,
272 4117 298 4164 iu
327 4115 500 4177 Derbyshire3
527 4114 604 4164 alier-
628 4117 672 4180 ing
683 4122 710 4166 to
721 4116 763 4166 the
774 4115 818 4168 lite
829 4117 864 4178 hy
875 4116 956 4165 Felix.

136 4184 222 4234 warde
232 4186 368 4247 destroyed
378 4186 413 4247 by
424 4185 466 4235 the
478 4185 575 4235 Dares.
