3000 5004
484 444 622 493 neonus
647 445 915 493 nrsronmnuu.
1109 432 1175 497 179

220 606 345 664 octavo
368 601 446 664 idus
463 602 654 668 Februarii.
700 604 915 669 Vulnerutus
942 604 1032 667 enim
1057 604 1172 671 fueret

219 699 385 780 inpugna
402 702 607 766 australium
625 703 815 778 Saxonum,
832 723 937 784 quam
953 712 1075 768 contra
1091 725 1169 769 eum

220 797 389 863 Eudricus
406 800 497 864 filius
515 802 659 883 Egberti
673 802 788 867 fratris
811 804 864 865 sui
888 802 1118 880 commiserat,
1134 812 1170 869 et

217 896 308 960 inter
321 899 525 963 medendum
540 902 723 965 defunctus
740 909 805 965 est.
858 901 945 964 Post
961 921 1037 965 eum
1052 911 1168 967 autem
1181 923 1257 966 euno

217 995 307 1058 idem
323 998 492 1063 Eudricus
507 1020 599 1065 anno
615 1008 651 1065 et
665 1000 805 1064 dimidio
823 1001 994 1081 regnavit.

269 1096 399 1160 Eodem
419 1105 584 1181 tempore,
606 1119 684 1162 cum
707 1101 762 1165 vir
788 1098 918 1162 domini
939 1092 1168 1166 ¹Cuthbertus
1264 1147 1268 1154 -

1180 978 1286 1018 nummu.

216 1196 316 1257 annis
333 1195 467 1260 duobus
480 1198 796 1262 Lindissurnensem
811 1199 960 1261 rexisset
975 1198 1167 1277 ecclesiam,

215 1293 328 1356 sciens
351 1296 387 1359 in
409 1297 535 1379 spiritu
557 1297 638 1374 Dei,
658 1317 728 1379 quo
747 1297 870 1380 plenus
892 1304 978 1373 erut,
997 1296 1086 1360 diem
1112 1300 1166 1361 sui

214 1394 382 1457 transitus
393 1396 684 1479 appropinquare,
696 1397 824 1479 abjecit
837 1397 970 1476 pondus
982 1414 1074 1458 curae
1086 1416 1167 1478 pas·

213 1491 346 1571 torulis,
357 1501 463 1576 etque
474 1495 518 1558 ed
530 1495 693 1559 dilectum
707 1494 923 1559 heremeticae
932 1496 1165 1558 conversatio-

213 1588 268 1652 nis
285 1609 430 1672 agonem
445 1613 598 1658 remeare
612 1595 760 1671 curavit,
779 1602 817 1658 ut
831 1594 954 1659 inolita
967 1594 1032 1656 sibi
1050 1595 1165 1657 solici-

213 1688 342 1753 tudinis
355 1693 538 1756 mundanae
547 1694 684 1775 spineta
698 1693 835 1757 liberior
844 1694 967 1773 priscae
979 1711 1165 1774 compunc-

213 1785 318 1851 tionis
332 1789 472 1854 flemma
492 1800 721 1857 consumeret.
770 1792 840 1870 Qui
863 1811 942 1855 cum
956 1790 1043 1853 duos
1059 1791 1165 1855 ferme
1175 1807 1304 1900 mppr.

212 1904 347 1951 menses
360 1890 397 1952 in
411 1909 538 1972 magna
553 1891 710 1973 repetitae
727 1910 801 1954 suae
810 1891 936 1974 quietis
947 1891 1164 1977 exultatione

212 1987 431 2069 transigeret,
441 1990 619 2072 multoque
628 1996 802 2053 consuetae
812 1989 1037 2053 districtionis
1049 1989 1163 2070 rigore

209 2101 335 2166 corpus
360 2095 576 2171 mentemque
598 2090 862 2170 constringeret,
884 2097 1043 2170 arreptus
1066 2088 1162 2152 infir·

210 2183 331 2248 mitate
354 2187 481 2264 subita,
508 2189 708 2270 temporalis
734 2188 815 2268 igne
839 2187 981 2263 doloris,
1010 2187 1055 2250 ad
1082 2207 1160 2269 per-

208 2290 322 2364 petuae
354 2287 460 2368 coepit
492 2287 718 2351 beatitudinis
748 2286 878 2367 gaudie
899 2286 1099 2368 praeparari,
1125 2295 1160 2352 et

209 2382 319 2446 tribus
342 2386 545 2466 septimanis
570 2388 737 2451 continue
760 2385 960 2449 infirmitate
982 2384 1158 2464 decoctus,

207 2479 258 2544 sic
283 2482 327 2545 ed
350 2492 506 2548 extrema
527 2486 705 2568 pervenit3
740 2485 940 2565 exitumque
962 2503 1062 2547 suum
1086 2484 1157 2549 Do·

208 2580 324 2645 minici
338 2584 492 2665 corporis
507 2603 549 2648 ec
565 2585 745 2666 sanguinis
761 2585 982 2666 perceptione
1004 2603 1158 2647 commu·

208 2679 319 2758 niens,
334 2683 479 2746 elevatis
501 2683 611 2746 oculis
633 2702 675 2748 ee
697 2684 857 2747 manibus
877 2685 913 2745 in
934 2683 1068 2759 caelum,
1084 2684 1160 2746 eni·

208 2794 298 2841 mum
323 2799 423 2845 snam
446 2782 524 2846 Deo
554 2783 810 2859 commendans,
840 2783 1000 2864 spiritum
1030 2767 1156 2846 emisit.

208 2875 342 2944 Deinde
370 2881 413 2944 ed
438 2881 588 2944 insulam
606 2880 922 2945 Lindissernensem
940 2881 1081 2960 navigio
1097 2881 1158 2944 de·

205 2975 311 3055 letus,
326 2998 469 3062 corpore
486 2981 738 3063 incorruptibili
761 2980 945 3062 sepulchro
968 2978 1105 3061 lapideo
1120 2980 1157 3041 in

205 3075 349 3142 basilica
376 3080 468 3143 beati
496 3079 593 3143 Petri
623 3080 666 3143 ad
695 3080 875 3144 dexteram
900 3078 1033 3153 altaris,
1055 3078 1156 3158 quusi

204 3172 390 3254 dormiens,
419 3179 553 3261 positus
586 3180 779 3261 requiescit.
837 3177 905 3241 Sed
934 3195 997 3240 nec
1027 3195 1069 3240 eo
1098 3174 1157 3239 de-

204 3272 323 3339 functo
338 3295 381 3340 ac
400 3278 583 3354 tumulato,
605 3279 707 3359 signa
724 3278 892 3341 virtutum
914 3292 1061 3350 cessare,
1075 3292 1154 3355 quae

203 3373 324 3438 vivens
353 3385 569 3454 exercuerat,
593 3384 792 3459 potuerunt.
846 3374 940 3439 Nam
966 3392 1053 3456 puer
1076 3373 1271 3454 qui-umere

202 3471 282 3536 dum
304 3473 340 3537 in
363 3476 537 3538 territorio
554 3473 824 3539 Lindissernensi
845 3493 867 3537 a
882 3474 1037 3537 doemone
1059 3479 1153 3535 etro-

200 3571 340 3636 cissimo
365 3576 573 3651 vexabatur,
596 3577 655 3656 qui
685 3594 748 3638 nec
774 3593 837 3656 per
861 3572 1044 3637 exorcismi
1074 3590 1155 3652 gre·

201 3670 285 3734 tiam
311 3680 450 3754 poterat
475 3673 545 3737 ullo
576 3674 679 3737 modo
707 3673 844 3751 curari3
878 3671 1061 3753 impositus
1090 3689 1153 3733 en-

201 3775 272 3833 tem
301 3790 400 3835 carro
428 3771 610 3835 deducitur
641 3772 685 3836 ed
722 3772 980 3847 monasterium,
1014 3777 1054 3834 ut
1091 3789 1153 3851 per

201 3868 294 3934 beuti
309 3871 375 3935 viri
399 3871 523 3934 merita
538 3871 586 3934 ibi
604 3879 797 3935 sanaretur.
849 3870 949 3933 Tunc
970 3869 1152 3952 presbyter

200 3968 339 4050 quidem
364 3970 483 4034 divino
507 3969 650 4034 edoctus
678 3972 802 4053 spiritu
831 3970 1001 4033 modicam
1025 3967 1151 4031 tollens

235 4174 243 4206 ¹
257 4177 428 4242 Getides-m]
447 4178 495 4228 See
505 4177 549 4228 liic
560 4178 589 4228 oi
604 4179 631 4229 S.
643 4179 766 4229 Cuthbcrt
777 4180 809 4239 by
824 4177 985 4240 Beda,cupp.
998 4175 1043 4224 xli.
1051 4173 1107 4224 xlii.

997 4295 1011 4330 s
1030 4285 1046 4330 2
