2932 4980
335 459 379 523 92
590 476 722 523 neceni
747 478 795 523 na
817 478 1025 527 wannovsa

330 632 458 715 jusque
484 633 726 714 possibilitate,
752 634 867 714 regnis
894 634 967 697 suis
989 633 1121 698 limites
1143 648 1309 717 ponunt.

336 730 547 811 Reguabant
563 740 677 794 autem
701 731 755 794 bis
778 734 988 815 temporibus
1009 732 1197 798 ininsula
1220 744 1303 800 octo

335 849 447 910 reges,
461 850 608 911 quorum
625 831 764 893 nomina
778 831 851 894 baec
866 839 970 911 sunt;
985 828 1229 897 Athelbertus
1246 835 1302 897 vi·

336 928 461 991 delicet
482 929 517 990 in
534 928 672 1003 Cantia,
690 928 791 992 Cissa
815 930 851 992 in
874 930 1073 1007 suthsexia,
1092 929 1299 997 Ceauiinus

336 1026 372 1087 in
386 1026 597 1101 Westsexia,
614 1027 749 1090 Credda
772 1028 807 1089 in
830 1028 974 1105 Mercia,
991 1028 1234 1093 Erkenwinus
1259 1032 1296 1094 in

337 1124 512 1200 Estsexia,
532 1125 670 1207 Tytilus
702 1126 738 1188 iu
763 1126 972 1208 Est-anglia,
994 1126 1074 1190 Ella
1097 1128 1137 1191 in
1165 1128 1293 1206 Deira,

336 1220 490 1285 Affridus
515 1225 551 1286 in
574 1224 745 1287 Bernicia.
797 1223 887 1289 Haec
903 1225 1050 1307 denique
1071 1244 1189 1309 regna
1211 1248 1293 1309 pro-

335 1339 434 1385 cessu
457 1323 620 1403 temporis
646 1323 697 1385 ita
721 1322 1033 1404 distinguebantur.
1076 1324 1205 1407 Reges
1227 1346 1291 1391 au-

197 1399 242 1427 ⁰¹¹''
335 1428 403 1483 tem
424 1420 624 1484 Cantuariae
649 1420 781 1484 insola
804 1422 940 1485 Cantiae
968 1422 1149 1505 provincia
1175 1424 1291 1488 domi·

335 1520 527 1597 nabantur;
552 1513 577 1600 [¹
586 1538 684 1600 reges
708 1519 904 1584 Sutbsexiae
917 1521 953 1583 in
968 1520 1030 1583 illa
1044 1528 1187 1585 tantum
1206 1542 1288 1605 pro-

334 1618 448 1680 vincia
475 1618 740 1680 dominabantur
755 1619 781 1697 3]
813 1639 912 1700 reges
937 1613 1131 1683 'Estsexiae
1153 1619 1195 1683 in
1226 1621 1287 1684 illa

335 1716 513 1796 provincia
538 1724 574 1779 et
598 1718 635 1779 in
659 1716 890 1781 Middelsexia
911 1717 1204 1799 dominabantur;
1231 1739 1285 1783 re-

335 1832 397 1893 ges
415 1814 623 1894 Est-angliae
640 1816 675 1878 in
695 1814 880 1879 Northfolc
896 1825 931 1880 et
952 1815 1111 1880 Suthsole
1126 1817 1286 1881 domina-

335 1913 473 1989 bantur,
502 1932 634 1976 necnon
658 1914 692 1976 in
717 1914 894 1995 provincia
920 1913 1200 1996 cantebrigensi,
1222 1916 1284 1982 do-

336 2030 397 2073 nec
420 2031 442 2074 a
459 2030 540 2091 rege
554 2011 633 2074 Offa
648 2012 855 2075 Marciorum
879 2013 1029 2076 mutilati
1052 2022 1157 2093 sunt;
1182 2034 1284 2097 reges

336 2108 545 2173 Marciorum
563 2111 828 2174 dominabantur
840 2112 874 2173 in
895 2110 1081 2193 provinciis
1096 2110 1285 2177 Gloverni-

335 2209 420 2283 ensi,
434 2208 692 2290 Wygorniensi,
706 2209 946 2287 Warwicensi,
964 2208 1154 2288 Cestrensi,
1171 2211 1284 2275 Dere-

335 2306 456 2383 biensi,
478 2307 783 2382 scrobesberiensi,
806 2308 1130 2389 Notingebamensi,
1145 2308 1284 2375 Lineol·

335 2406 458 2480 aiensi,
493 2405 751 2481 Leircestrensi,
782 2407 986 2482 Oxoniensi,
1018 2405 1285 2485 Heresordensi,

334 2502 570 2580 Staffordensi,
597 2504 941 2585 Nortbamptouensi,
969 2503 1284 2586 Bukingbameusi,

334 2601 572 2678 Bedfordensi‚
607 2602 889 2679 Huutedunensi,
929 2602 1212 2685 cantabrigensi,
1250 2614 1285 2670 et

335 2698 599 2779 Hertfordensi3
625 2721 725 2781 reges
739 2702 852 2765 West·
859 2721 1030 2764 saxonum
1052 2700 1284 2769 dominaban-

334 2798 439 2861 turin
454 2799 640 2880 provinciis
655 2800 830 2876 Bercensi,
843 2800 1056 2876 Dorsetensi,
1067 2800 1285 2881 Devenensi,

334 2895 620 2975 Sutbantunensi,
634 2898 859 2975 Sutberiensi,
877 2897 1098 2975 Wiltonensi,
1114 2898 1284 2966 Saresbe·

333 2995 450 3073 riensi,
466 3003 500 3059 et
517 2996 755 3059 Batboniensi.
809 2996 892 3060 Istis
917 3017 999 3078 ergo
1022 2998 1215 3079 provinciis
1232 3001 1284 3063 in·

335 3101 386 3157 ter
409 3115 471 3158 sex
489 3114 588 3175 reges
610 3095 814 3171 distributiS,
835 3095 1041 3176 quaudoque
1066 3095 1109 3158 ad
1133 3097 1284 3163 invioem

333 3193 424 3256 bella
447 3193 563 3256 civilia
595 3202 630 3256 et
661 3194 844 3275 plusquam
875 3194 993 3257 civilia
1022 3196 1283 3261 commiserunt.

334 3289 414 3354 Duo
430 3310 541 3372 regest,
556 3293 615 3373 qui
630 3301 711 3355 sunt
726 3293 761 3354 in
778 3291 1109 3369 Northanbumbria,
1124 3293 1285 3359 domina·

334 3388 459 3452 bantur
490 3409 512 3452 a
542 3410 668 3470 magno
696 3390 837 3452 flumine
867 3390 1080 3453 Humbrensi
1112 3392 1159 3454 ad
1187 3414 1285 3458 mare

332 3486 480 3567 Scotiae3
510 3488 553 3551 de
575 3489 628 3550 bis
652 3496 766 3551 autem
789 3487 997 3552 sufficienter
1023 3491 1187 3571 superius
1213 3493 1286 3556 dic·

334 3592 407 3648 tum
433 3598 497 3649 est.
550 3586 617 3649 His
640 3589 690 3649 ita
712 3587 902 3668 dispositis,
920 3587 1050 3669 placuit
1069 3587 1175 3653 dictis
1193 3592 1286 3674 regi·

334 3682 397 3744 bus
427 3683 643 3745 Britanniam
667 3693 702 3748 et
724 3687 923 3749 memoriam
950 3686 1202 3753 Britannorum
1227 3711 1288 3775 pe·

369 3934 377 3966 ¹
397 3938 477 3998 Reges
498 3939 659 4002 Μυρτίω]
682 3941 730 3988 See
751 3942 793 3988 the
854 3938 1020 4003 'Ertaexioe.]
1036 3940 1189 4007 According
1203 3952 1232 3995 to
1249 3948 1293 3997 the

332 4008 513 4057 inundationes
521 4009 571 4057 this
579 4009 698 4070 kingdom
705 4011 793 4070 abore,
819 4026 887 4060 same
899 4010 1036 4071 authority,
1043 4024 1091 4058 one
1103 4010 1164 4062 hali
1171 4015 1203 4065 oi
1211 4016 1293 4067 Hert·

331 4078 356 4125 in
379 4078 420 4126 the
443 4092 503 4138 year
524 4083 581 4126 514.
635 4078 793 4139 Malmsbury
819 4080 941 4129 iordshire
970 4094 1025 4128 was
1052 4080 1155 4142 subject
1184 4091 1212 4135 to
1241 4088 1294 4137 this

331 4149 416 4207 places
433 4149 453 4196 it
471 4149 551 4196 under
567 4148 609 4195 the
625 4147 751 4196 dominion
768 4148 796 4196 oi
819 4149 946 4211 kingdom.

330 4216 372 4264 tbe
385 4218 573 4266 west-Saxone.
