3000 5004
460 431 601 483 anonas
624 431 896 482 ursroaraausr.
1087 419 1154 484 303

201 589 485 675 Tynemuthense
507 587 835 666 sanctimonialium,
864 589 1056 673 Gyrwense
1080 611 1154 654 mo-

202 690 403 766 nachorum,
439 697 474 752 et
507 687 807 766 Weremuthense,
836 690 873 752 in
902 691 1027 773 quibus
1057 690 1154 753 Beda

202 791 383 872 presbyter
400 788 528 869 legitur
541 788 730 866 educatus3
754 787 1039 852 Streneshalense
1054 808 1155 852 sanc·

206 888 449 964 timonialium,
481 887 574 968 quod
605 886 716 950 Hilda
747 887 924 950 abbatissa
955 889 1156 951 beatissima

204 986 364 1050 fundavit
391 994 427 1049 et
449 987 577 1049 multas
609 987 646 1048 in
671 1006 712 1048 eo
737 986 889 1066 virgines
917 987 1155 1066 congregavit.

207 1086 253 1149 Et
275 1087 326 1149 sic
350 1084 489 1149 nefandi
515 1084 633 1161 duces,
657 1104 720 1166 per
746 1104 875 1167 pagum
903 1085 1155 1148 Eboracensem

205 1185 389 1249 transitum
418 1184 596 1259 facientes,
622 1183 797 1259 ecclesiae,
819 1184 979 1247 civitates
1005 1192 1040 1247 et
1054 1184 1156 1247 villas

205 1284 478 1358 combusserunt,
508 1282 663 1345 homines
702 1282 938 1364 cujuscunque
973 1302 1079 1345 sexus
1121 1290 1157 1345 et

207 1383 322 1446 aetatis
346 1401 424 1445 cum
451 1381 570 1463 spoliis
598 1388 633 1443 et
649 1380 816 1462 jumentis
839 1380 994 1444 funditus
1020 1381 1156 1444 deleve-

206 1487 310 1559 runt;
333 1480 455 1544 deiude
479 1498 615 1543 sursum
643 1499 705 1561 per
731 1479 858 1543 flumen
884 1479 1036 1543 Humbri
1058 1481 1157 1542 navi·

208 1586 345 1661 gantas,
372 1579 542 1642 consimili
563 1577 689 1641 ibidem
714 1579 810 1642 rabie
835 1580 1039 1655 saeviebant,
1062 1578 1159 1642 inde-

210 1697 277 1760 que
294 1677 469 1761 progressi
492 1685 618 1740 cuncta
641 1678 800 1741 coenobia
825 1679 859 1740 in
882 1678 1067 1760 paludibus
1090 1678 1159 1742 sita

209 1777 454 1840 monachorum
472 1795 513 1840 ac
534 1776 720 1857 virginum,
738 1777 929 1841 interfectis
954 1777 1158 1840 habitatori·

209 1877 287 1952 bus,
300 1876 556 1939 destruxerunt.
597 1873 734 1938 Horum
753 1883 869 1939 autem
887 1877 1026 1939 nomina
1040 1895 1158 1939 coeno-
1172 1897 1286 1937 samaa

208 1975 344 2038 biorum
373 1982 466 2051 sunt,
493 1973 717 2050 Croulandia,
741 1974 927 2050 Thorneia,
949 1969 1158 2051 ¹Rameseia,
1171 1948 1272 2036 iiiiiu'

211 2073 415 2150 Hamstede,
427 2073 517 2155 quod
531 2092 623 2135 nunc
637 2073 815 2153 ‘Burgum
829 2075 940 2136 sancti
951 2072 1057 2136 Petri*
1075 2073 1159 2136 dici·
1172 2045 1288 2096 dm*

209 2180 279 2248 tur,
303 2191 380 2235 cnm
406 2171 521 2235 insula
548 2172 679 2234 Eliensi
700 2179 735 2234 et
761 2172 918 2234 coenobio
945 2172 1026 2234 olim
1049 2170 1160 2234 famo-

209 2271 346 2334 sissimo
371 2270 603 2345 foeminarum,
627 2271 755 2351 inquo
783 2277 905 2333 sancta
920 2271 1019 2350 virgo
1047 2279 1083 2333 et
1106 2289 1160 2332 re·

209 2370 292 2450 gina
309 2368 519 2432 Etheldreda
545 2369 730 2432 abbatissae
754 2366 902 2431 officium
919 2370 1039 2432 multis
1062 2369 1161 2432 annis

210 2466 431 2531 laudabiliter
447 2467 659 2549 adimplevit.

370 2664 420 2727 Da
433 2684 528 2728 cuasa
542 2663 690 2746 rmrtyrii
704 2663 805 2728 sandi
818 2664 1013 2728 Eadmurrdi.

264 2786 369 2851 Nunc
391 2805 474 2867 ergo
497 2787 658 2867 quoniam
683 2787 718 2849 in
741 2788 979 2868 persecutione
1001 2789 1070 2851 ista
1088 2787 1325 2869 glo-camora·

210 2887 325 2950 riosus
341 2879 420 2947 'rex
442 2892 478 2948 et
492 2893 625 2966 martyr
640 2885 864 2948 Eadmundus
882 2886 1007 2966 gladiis
1026 2882 1161 2968 iniquo·
1173 2859 1302 2948 iiiiii?

212 3005 288 3048 rum
307 2983 471 3063 Hinguar
496 2990 532 3046 et
552 2982 695 3046 Hubbae'
710 2984 855 3046 fratrum
879 2975 1079 3047 interfectus
1105 2958 1248 3047 oc·¹¹¹¹¹⁰⁶‘

212 3084 343 3160 cubuit,
359 3082 503 3163 dignum
520 3089 572 3145 est
588 3082 653 3145 hoc
676 3083 712 3144 in
733 3080 811 3145 loco
827 3083 952 3145 referre
969 3083 1057 3144 tanti
1080 3100 1162 3144 can·

210 3201 286 3245 sam
302 3181 474 3263 martyrii,
491 3188 525 3244 et
543 3181 634 3243 unde
650 3180 754 3243 duces
772 3180 928 3261 praedicti
946 3180 1162 3243 occasionem

106 3362 111 3369 Ι
211 3280 305 3344 nacti
322 3280 461 3343 fuerunt
480 3299 595 3359 regem
613 3279 804 3362 piissimum
828 3298 910 3342 nece
933 3278 1019 3341 adeo
1041 3280 1162 3343 crude·

209 3379 342 3442 lissima
367 3377 605 3442 condemnare.
659 3378 745 3440 Erat
760 3378 867 3458 igitur
887 3378 923 3439 in
951 3376 1070 3440 diebus
1093 3397 1162 3440 non
1224 3386 1227 3391 '

211 3477 315 3558 longe
339 3477 525 3559 praeteritis
549 3477 586 3540 in
613 3496 721 3558 regno
744 3476 924 3540 Danorum
947 3477 1001 3539 vir
1022 3475 1163 3558 qnidam

248 3752 432 3824 ¹Rameseiu.]
460 3756 523 3804 This
545 3755 591 3804 has
613 3756 676 3804 been
703 3756 759 3805 that
775 3758 875 3805 written
893 3757 927 3818 by
948 3757 1032 3817 Abho,
1049 3757 1125 3806 abbot
1141 3757 1170 3806 of

212 3827 302 3876 secred
314 3831 360 3875 out
377 3828 403 3874 in
422 3825 464 3875 the
476 3829 531 3874 text
542 3826 575 3886 by
587 3839 603 3873 a
613 3825 677 3874 later
703 3826 807 3887 Fleury,
815 3827 873 3874 who
883 3827 1020 3875 flourished
1031 3832 1058 3874 at
1068 3827 1109 3874 the
1117 3827 1166 3874 end

211 3895 290 3946 hand.
704 3894 733 3943 of
748 3895 790 3943 the
807 3896 875 3943 tenth
892 3901 1007 3956 century,
1019 3896 1069 3944 and
1081 3895 1166 3944 which

249 3965 327 4014 'Rex
346 3969 371 4012 et
387 3968 481 4028 martyr
498 3962 677 4026 Eadmundus]
704 3964 726 4011 is
745 3964 846 4025 printed
868 3965 902 4025 by
920 3965 1021 4024 Sarius,
1042 3970 1102 4013 tom.
1121 3965 1166 4014 rii.

213 4034 268 4083 The
286 4033 331 4083 life
351 4033 401 4082 and
413 4034 516 4095 passion
528 4032 557 4081 of
571 4033 598 4082 S.
611 4033 677 4080 Ead-
704 4048 730 4094 p.
749 4037 807 4082 tos.
844 4033 968 4094 Compare
990 4035 1045 4082 also
1067 4032 1109 4081 the
1125 4046 1167 4080 ac-

212 4103 338 4165 mund,as
347 4103 406 4151 herc
421 4102 528 4162 related,
534 4116 643 4164 appears
653 4107 679 4151 to
705 4108 780 4151 count
788 4103 822 4164 by
832 4102 901 4151 John
910 4103 1046 4163 Bromt0n;
1064 4101 1167 4162 Scriptt.

213 4172 278 4222 have
289 4173 354 4221 been
366 4172 443 4220 taken
455 4171 608 4234 principalis
616 4171 679 4221 from
705 4173 770 4222 Dec.
781 4173 830 4221 col.
841 4176 899 4233 804,
908 4187 972 4236 seqq.
