3000 5004
407 478 546 527 ruonns
571 478 840 526 ursroumnuu.
1024 463 1099 552 *499

141 633 296 713 quandiu
322 635 472 698 inaniter
497 635 646 713 luctans,
671 643 711 699 ut
739 636 886 717 digitum
907 633 1095 718 frangeret,
1109 655 1200 708 uena

142 733 196 796 vel
213 752 422 817 quocunque
443 734 545 798 modo
567 734 735 798 annulum
757 742 992 817 extorqueret,
1014 755 1094 802 cum

138 848 176 893 se
202 831 287 895 nihil
310 833 477 915 proficere
492 835 669 916 cognovit,
684 833 802 910 tacite,
816 851 859 897 ne
882 853 938 898 res
963 835 1092 900 sodali·

138 930 204 992 bus
226 931 471 1008 innotesceret,
485 935 708 1014 perturbatus
731 934 909 1011 discessit3
933 940 969 997 et
989 943 1091 1001 nocte

137 1031 308 1111 sequenti,
331 1051 409 1095 cum
432 1030 570 1094 famulis
596 1032 640 1095 ad
660 1039 814 1097 statuam
836 1031 984 1108 rediens,
1002 1033 1091 1115 digi.

138 1134 210 1191 tum
233 1129 367 1195 invenit
387 1136 579 1206 extentum,
604 1138 640 1194 et
663 1130 829 1193 annulum
852 1130 1089 1198 admirabatur

136 1227 322 1293 sublatum.
361 1230 499 1293 Damno
512 1229 631 1312 itaque
646 1228 876 1305 dissimulato,
889 1248 966 1294 cum
984 1240 1087 1297 nocte

135 1328 294 1409 sequenti
315 1328 422 1412 juxta
452 1347 578 1392 novam
606 1347 644 1392 se
674 1328 891 1403 collocasset,
921 1329 1085 1411 quiddam

135 1426 338 1490 nebulosum
361 1427 471 1492 sensit
482 1434 519 1491 et
534 1427 677 1491 densum
702 1427 792 1491 inter
808 1448 846 1491 se
864 1435 899 1491 et
913 1427 1010 1491 illam
1023 1449 1086 1493 vo·

134 1523 252 1603 lutari,
275 1526 368 1608 qnod
390 1527 510 1590 sentiri
534 1527 648 1608 potuit
673 1546 736 1590 nec
753 1526 884 1603 videri;
907 1526 972 1590 boc
997 1546 1083 1609 quo·

132 1642 200 1705 que
221 1626 401 1690 obstaculo
420 1627 465 1689 ab
478 1627 599 1689 uxoris
621 1626 784 1708 amplexu
799 1624 1003 1708 prohibitus,
1020 1647 1083 1691 vo·

133 1741 208 1786 cem
234 1725 301 1787 sibi
324 1724 493 1789 dicentem
517 1725 662 1803 audivit,
687 1725 848 1789 ‘Mecum
881 1727 1082 1804 concumbe,

131 1822 214 1902 quia
229 1842 284 1886 me
303 1824 404 1888 bodie
418 1824 648 1906 desponsasti,
664 1844 743 1888 nam
765 1843 831 1905 ego
855 1843 932 1887 sum
946 1823 1081 1904 Venus,

131 1920 232 2003 cujus
246 1922 356 2006 digito
374 1923 539 1987 annulum
559 1923 726 2005 posuisti3
749 1922 861 1987 babeo
884 1923 994 1998 illum,
1017 1944 1081 1990 nec

131 2019 294 2086 reddam.'
344 2023 510 2106 Elapsum
536 2030 591 2087 est
618 2030 733 2086 autem
758 2021 905 2085 multum
930 2029 1080 2103 tempus,

129 2125 169 2181 ut
195 2139 402 2204 quacunque
424 2122 510 2185 bora
533 2119 593 2184 ille
617 2121 652 2182 in
672 2120 793 2183 uxoris
817 2119 949 2200 gremio
974 2120 1080 2186 vellet

128 2219 304 2296 recubare,
329 2221 365 2283 id
388 2221 501 2303 ipsum
523 2219 672 2282 sentitur
697 2225 733 2282 et
758 2218 912 2296 audivit3
941 2219 977 2281 in
1000 2218 1079 2283 aliis

128 2316 265 2398 quidem
292 2319 394 2381 rebus
416 2318 557 2401 juvenis
581 2317 701 2382 valens
732 2323 808 2380 erat
836 2323 872 2380 et
902 2326 1078 2394 strenuus,

128 2422 199 2479 tam
217 2415 253 2478 in
265 2414 341 2482 foro
358 2435 463 2499 quam
480 2416 516 2478 in
529 2416 695 2480 exercitio
715 2414 866 2479 militari.
919 2414 1076 2479 Tandem

127 2514 170 2577 de
185 2515 328 2579 consilio
344 2516 477 2593 uxoris,
494 2535 549 2579 res
566 2523 791 2596 utrorumque
805 2514 1006 2596 parentibus
1023 2523 1078 2580 est

128 2613 287 2693 detecta3
310 2615 360 2679 illi
378 2622 506 2693 antem,
521 2615 640 2678 habito
659 2633 764 2695 snper
787 2613 853 2678 hoc
870 2612 975 2677 celeri
992 2633 1075 2678 con·

126 2713 217 2790 silio,
249 2712 420 2778 Palumbo
451 2714 600 2792 cuidam,
632 2715 834 2795 presbytero
865 2713 1075 2791 suburbano,

127 2831 199 2874 rem
221 2821 355 2893 gestam
377 2820 568 2896 exponunt.
620 2812 707 2877 Erat
723 2812 862 2893 quidem
885 2811 944 2874 ille
962 2812 1075 2876 nicro-

126 2910 286 2975 manticis
302 2913 434 2976 artibus
456 2912 658 2986 instructus,
674 2919 715 2975 nt
736 2911 890 2992 magicas
905 2911 1076 2975 excitaret

126 3008 269 3091 figuras,
287 3010 460 3074 deamones
478 3017 696 3092 provocaret,
713 3017 749 3071 et
764 3027 823 3071 eos
841 3007 884 3070 ad
903 3007 1074 3087 egendum

125 3127 213 3191 opus
228 3108 405 3191 quodlibet
426 3108 642 3186 stimularet3
669 3107 763 3189 pacti
783 3113 864 3169 sunt
878 3125 961 3187 ergo
977 3125 1074 3188 pres·

126 3209 249 3290 bytero
273 3208 350 3271 auri
375 3214 411 3271 et
434 3206 570 3288 argenti
593 3224 756 3286 magnum
779 3223 952 3280 acervum,
970 3212 1022 3281 ut,
1043 3205 1074 3268 si

123 3314 216 3371 esset
237 3306 412 3390 possibile,
432 3306 598 3369 annulum
620 3311 811 3368 revocaret.
855 3300 907 3367 At
929 3304 1072 3386 presby·

124 3413 190 3482 ter,
207 3407 390 3488 epistolam
406 3412 481 3469 arte
496 3404 697 3470 mechanica
712 3402 939 3485 compositam
950 3401 1072 3484 juveni

124 3505 296 3588 bajulans,
319 3505 421 3582 dixit,
443 3503 569 3569 ‘Vade
590 3503 652 3567 illa
673 3503 786 3566 noctis
808 3501 895 3565 hora
910 3500 955 3563 ad
977 3519 1072 3564 com·

123 3604 247 3686 pitum,
263 3604 323 3669 ubi
337 3605 445 3668 cevia
458 3603 585 3668 scindit
600 3604 637 3665 in
649 3601 844 3685 quadrium,
859 3607 895 3664 et
909 3607 1007 3663 stans
1023 3598 1072 3662 ibi

123 3704 229 3768 tacite
251 3705 301 3767 rei
323 3710 486 3768 eventum
506 3702 689 3783 diligenter
712 3699 878 3782 explora3
903 3698 1073 3762 transient

123 3802 213 3866 enim
228 3801 277 3867 ibi
291 3802 412 3884 fignrae
430 3800 605 3865 hominum
625 3801 805 3883 utriusque
827 3815 945 3873 sexus,
960 3797 1072 3861 omnis

122 3903 250 3979 aetatis,
265 3901 394 3984 gradus
414 3901 527 3965 omnis
543 3908 579 3964 et
593 3899 813 3975 conditionis,
835 3916 981 3978 quorum
996 3897 1073 3978 qui·

121 3999 202 4065 dam
217 4002 363 4085 pedites,
380 3999 522 4082 qnidam
537 4006 639 4062 erunt
653 3999 799 4081 equites,
816 3996 935 4061 vultus
953 3995 989 4057 in
1004 4002 1073 4057 ter·

120 4118 194 4163 ram
210 4101 443 4177 demittentes,
458 4098 598 4181 quidam
613 4104 720 4181 capnt
736 4095 870 4162 tumido
888 4092 1072 4175 supercilio

890 4215 971 4261 auu
