2932 4980
318 445 385 509 116
572 456 706 504 nocam
735 457 781 503 or
804 454 1010 505 urrunovun

321 613 540 700 proverbium
569 630 680 694 usque
707 612 744 674 in
767 610 970 675 hodiernum
998 610 1104 687 diem,
1132 609 1299 677 ‘Amnis

324 715 400 779 Idle
425 713 617 794 Anglorum
650 711 785 775 sorduit
811 710 958 775 cruore!
1009 709 1131 792 Igitur
1163 710 1297 776 Ethel-

325 813 445 888 sridus,
466 812 558 875 t'erus
586 818 621 874 et
652 811 837 892 indignans
867 818 903 874 et
926 809 1072 873 multum
1098 810 1294 875 admirans

326 912 418 996 quod
435 911 561 993 aliquis
583 930 660 973 eum
683 910 742 972 illo
760 909 903 973 auderet
917 908 1093 989 congredi,
1112 909 1297 975 audacter

327 1012 464 1094 quidem
484 1010 544 1073 sed
567 1010 759 1071 inordinate
779 1009 815 1071 in
842 1007 959 1071 hostes
981 1008 1092 1083 irruit,
1117 1011 1294 1090 quamvis

328 1111 420 1174 acies
436 1108 640 1172 Rcodwaldi
655 1108 831 1188 eleganter
849 1107 1040 1189 [ordinata]
1061 1106 1293 1171 intuentihus

329 1220 493 1274 terrorem
524 1228 594 1271 non
622 1208 798 1270 minimum
831 1206 984 1270 inferret.
1047 1206 1132 1270 Rex
1163 1214 1289 1272 nmen

330 1306 729 1382 Northanhumbrorum,
746 1307 846 1387 quasi
863 1305 981 1388 praeda
994 1306 1155 1382 iuventa,
1166 1309 1290 1373 subito

328 1426 498 1491 proruens
528 1407 564 1468 in
602 1424 728 1468 cuneos
767 1404 1054 1486 conglomeratos,
1087 1404 1287 1471 Reinerum

329 1508 518 1590 principem
536 1503 668 1567 militiae
685 1505 778 1585 regis
793 1503 997 1567 Reodwaldi
1009 1522 1089 1567 cum
1105 1511 1187 1569 tota
1208 1506 1289 1570 acie

329 1626 394 1670 sua
416 1603 618 1687 prostravit,
644 1611 679 1666 et
703 1603 747 1665 ad
770 1603 897 1667 inseros
921 1604 1114 1685 impetuose
1140 1604 1288 1669 direxit.

332 1703 566 1767 Reodwaldus
583 1710 712 1779 autem,
727 1711 826 1767 tanta
845 1702 942 1767 clade
959 1702 1099 1766 minime
1122 1706 1290 1786 perterri-

332 1812 388 1869 tus
400 1803 459 1866 sed
475 1804 518 1866 ad
535 1802 723 1866 vindictam
747 1803 931 1879 animatus,
948 1821 1077 1866 cuneos
1093 1802 1288 1869 Ethelfridi

330 1903 550 1966 laudabiliter
587 1901 782 1983 penetrarit
818 1908 937 1984 atque,
967 1920 1090 1967 cruore
1127 1904 1291 1969 maximo

331 2002 482 2067 hostium
521 2001 674 2083 profuso,
701 2020 818 2081 regem
855 2002 1040 2083 superbum
1075 2002 1290 2081 interemit3

332 2102 456 2165 deinde
482 2102 600 2165 hostes
624 2101 698 2162 sine
725 2101 855 2182 pietate
880 2101 1056 2165 insecutus
1078 2120 1207 2167 omnes
1230 2122 1292 2168 co·

331 2222 407 2264 rum
434 2202 526 2264 acies
553 2199 753 2281 dissipando
773 2200 948 2263 contrivit.
1000 2200 1044 2263 ln
1061 2199 1130 2263 hac
1147 2221 1296 2287 quoque

332 2320 451 2383 pugna
476 2300 693 2381 potissimum
721 2299 895 2364 laudanda
920 2300 985 2363 l'uit
1009 2300 1173 2382 probitas
1197 2301 1296 2367 End·

333 2401 427 2475 wini,
444 2399 503 2480 qui
525 2398 568 2460 de
588 2418 694 2479 regno
718 2399 778 2461 illo
793 2399 960 2481 expulsus
983 2398 1077 2481 apud
1094 2398 1296 2467 Reodwal·

333 2499 413 2562 dum
446 2496 676 2578 septendecim
702 2498 803 2560 antiis
829 2499 1043 2562 exulaverat.
1096 2498 1300 2583 Regnave-

334 2606 389 2658 rat
407 2595 593 2658 Eadwinus
611 2597 701 2659 tilius
719 2597 806 2660 Ellae
821 2616 927 2679 super
942 2597 1011 2660 duo
1033 2616 1148 2678 regna
1167 2599 1300 2669 Deire-

336 2715 411 2758 rum
435 2703 471 2757 et
492 2695 741 2771 Bernieiorum,
767 2698 827 2777 qui
850 2705 973 2778 postea
989 2696 1221 2765 Christianus
1244 2703 1299 2768 es-

335 2795 445 2857 sectus
470 2814 588 2857 omnes
611 2814 722 2874 reges,
749 2803 821 2858 tam
842 2794 1036 2876 Anglorum
1063 2816 1177 2878 quam
1193 2801 1300 2867 Wal-

334 2894 491 2970 lensium,
506 2896 542 2957 in
559 2914 623 2956 suu
640 2894 770 2956 ditione
786 2895 926 2976 recepit.

551 3067 683 3129 Cosdrou
701 3067 895 3131 Hierusalem
911 3068 1072 3133 deatmait.

172 3208 308 3296 pippin]
387 3190 489 3254 Anno
507 3191 629 3271 gratiae
649 3208 802 3254 ncxvnt.
822 3186 901 3255 ¹rex
921 3192 1110 3257 Persarum
1129 3194 1299 3265 Cosdroa

171 3268 322 3396 ξῗιῇιζῖιῗις
335 3291 425 3372 cepit
451 3291 664 3354 Damascum
698 3299 732 3353 et
765 3290 986 3355 Hierusalem
1010 3293 1235 3377 devastavit,
1265 3310 1300 3364 et

262 3368 282 3396 ⁰⁴
334 3389 412 3452 loca
436 3398 559 3453 sancta
573 3408 652 3472 quae
670 3390 705 3451 in
726 3409 768 3452 ea
790 3399 891 3455 erant
913 3391 1164 3473 conflagravit,
1184 3418 1299 3483 popu·

335 3487 446 3550 lorum
474 3489 731 3552 multitudinem
756 3490 931 3571 copiosam
948 3491 1160 3574 captivavit,
1185 3517 1300 3563 nona-

334 3588 433 3668 ginta
448 3587 556 3648 millia
576 3588 761 3664 interfecit,
771 3590 1005 3670 patriarcham
1019 3590 1186 3674 ejusdem
1202 3599 1301 3663 urhis

336 3683 544 3747 Zachariam
567 3687 713 3766 expulit,
736 3688 925 3769 pretiosum
953 3691 1064 3753 crucis
1095 3691 1242 3773 lignum
1263 3699 1300 3763 in

335 3781 513 3845 Persidem
550 3803 665 3847 secum
702 3786 922 3868 adportavit3
956 3788 1187 3871 sepulchrum
1216 3818 1301 3863 rero

335 3880 556 3944 Dominicum
588 3884 705 3948 divina
739 3886 869 3950 virtute
897 3889 1081 3966 munitum,
1111 3910 1301 3981 nunquam

334 3981 522 4062 permissus
545 3990 599 4046 est
621 3984 762 4048 violare.
816 3985 887 4049 Per
908 3987 999 4050 idem
1022 3994 1169 4072 tempus
1198 4017 1303 4063 occu.

369 4162 375 4191 ¹
386 4166 442 4214 Rex
450 4167 582 4248 Persaruru
598 4170 725 4249 somna]
748 4172 796 4218 l'or
824 4178 870 4229 ter,
881 4172 923 4219 the
935 4172 1024 4220 reudcr
1034 4187 1094 4234 may
1102 4182 1217 4233 consult
1229 4186 1305 4249 Pagi,

332 4235 375 4284 the
387 4242 474 4284 events
480 4239 613 4287 conmmed
622 4255 648 4287 ιιι
657 4240 706 4288 this
718 4241 796 4302 chap-
826 4241 918 4293 Baton.
930 4240 1024 4291 Annal-
1035 4243 1070 4292 nd
1081 4258 1129 4299 tn.
1141 4252 1208 4307 613,
