<?xml version="1.0" encoding="UTF-8"?>
<!DOCTYPE html PUBLIC "-//W3C//DTD XHTML 1.0 Transitional//EN"
    "http://www.w3.org/TR/xhtml1/DTD/xhtml1-transitional.dtd">
<html xmlns="http://www.w3.org/1999/xhtml" xml:lang="en" lang="en">
 <head>
  <title>
</title>
<meta http-equiv="Content-Type" content="text/html;charset=utf-8" />
  <meta name='ocr-system' content='tesseract 3.04.00' />
  <meta name='ocr-capabilities' content='ocr_page ocr_carea ocr_par ocr_line ocrx_word'/>
</head>
<body>
  <div class='ocr_page' id='page_1' title='image "./rogeridewendove05rogegoog_0486.png"; bbox 0 0 3000 5004; ppageno 0'>
   <div class='ocr_carea' id='block_1_1' title="bbox 387 455 1078 519">
    <p class='ocr_par' dir='ltr' id='par_1_1' title="bbox 387 455 1078 519">
     <span class='ocr_line' id='line_1_1' title="bbox 387 455 1078 519; baseline 0 0"><span class='ocrx_word' id='word_1_1' title='bbox 387 471 527 519; x_wconf 72' lang='lat' dir='ltr'><strong>neonus</strong></span> <span class='ocrx_word' id='word_1_2' title='bbox 551 469 820 519; x_wconf 78' lang='lat' dir='ltr'><strong>rnsronrnauu.</strong></span> <span class='ocrx_word' id='word_1_3' title='bbox 1016 455 1078 519; x_wconf 76' lang='grc'><strong>441</strong></span> 
     </span>
    </p>
   </div>
   <div class='ocr_carea' id='block_1_2' title="bbox 127 625 1082 1402">
    <p class='ocr_par' dir='ltr' id='par_1_2' title="bbox 127 625 1082 1402">
     <span class='ocr_line' id='line_1_2' title="bbox 128 625 1081 710; baseline 0.005 -23"><span class='ocrx_word' id='word_1_4' title='bbox 128 633 232 707; x_wconf 92' lang='lat' dir='ltr'><strong>pacto</strong></span> <span class='ocrx_word' id='word_1_5' title='bbox 248 625 508 708; x_wconf 82' lang='lat' dir='ltr'><strong>persolvissent,</strong></span> <span class='ocrx_word' id='word_1_6' title='bbox 526 636 564 690; x_wconf 90' lang='lat' dir='ltr'><strong>ut</strong></span> <span class='ocrx_word' id='word_1_7' title='bbox 583 626 676 689; x_wconf 90' lang='lat' dir='ltr'><strong>Dani</strong></span> <span class='ocrx_word' id='word_1_8' title='bbox 695 646 813 690; x_wconf 89' lang='lat' dir='ltr'><strong>omnes</strong></span> <span class='ocrx_word' id='word_1_9' title='bbox 832 625 892 709; x_wconf 92' lang='lat' dir='ltr'><strong>qui</strong></span> <span class='ocrx_word' id='word_1_10' title='bbox 914 634 950 691; x_wconf 86' lang='lat' dir='ltr'><strong>in</strong></span> <span class='ocrx_word' id='word_1_11' title='bbox 973 647 1081 710; x_wconf 82' lang='lat' dir='ltr'><strong>regno</strong></span> 
     </span>
     <span class='ocr_line' id='line_1_3' title="bbox 127 725 1081 810; baseline 0.007 -25"><span class='ocrx_word' id='word_1_12' title='bbox 127 731 227 787; x_wconf 90' lang='lat' dir='ltr'><strong>erant</strong></span> <span class='ocrx_word' id='word_1_13' title='bbox 259 725 438 807; x_wconf 88' lang='lat' dir='ltr'><strong>pacificam</strong></span> <span class='ocrx_word' id='word_1_14' title='bbox 472 725 639 789; x_wconf 87' lang='lat' dir='ltr'><strong>haberent</strong></span> <span class='ocrx_word' id='word_1_15' title='bbox 680 745 756 788; x_wconf 92' lang='lat' dir='ltr'><strong>cum</strong></span> <span class='ocrx_word' id='word_1_16' title='bbox 792 725 918 807; x_wconf 70' lang='lat' dir='ltr'><strong>Anglis</strong></span> <span class='ocrx_word' id='word_1_17' title='bbox 954 729 1081 810; x_wconf 90' lang='lat' dir='ltr'><strong>ubique</strong></span> 
     </span>
     <span class='ocr_line' id='line_1_4' title="bbox 128 822 1080 909; baseline 0.004 -23"><span class='ocrx_word' id='word_1_18' title='bbox 128 822 430 902; x_wconf 82' lang='lat' dir='ltr'><strong>cohabitationem,</strong></span> <span class='ocrx_word' id='word_1_19' title='bbox 453 832 489 888; x_wconf 87' lang='lat' dir='ltr'><strong>et</strong></span> <span class='ocrx_word' id='word_1_20' title='bbox 512 832 605 888; x_wconf 88' lang='lat' dir='ltr'><strong>esset</strong></span> <span class='ocrx_word' id='word_1_21' title='bbox 630 826 812 907; x_wconf 90' lang='lat' dir='ltr'><strong>utriusque</strong></span> <span class='ocrx_word' id='word_1_22' title='bbox 839 825 958 908; x_wconf 92' lang='lat' dir='ltr'><strong>populi</strong></span> <span class='ocrx_word' id='word_1_23' title='bbox 981 827 1080 909; x_wconf 87' lang='lat' dir='ltr'><strong>quasi</strong></span> 
     </span>
     <span class='ocr_line' id='line_1_5' title="bbox 129 923 1080 1006; baseline 0.004 -22"><span class='ocrx_word' id='word_1_24' title='bbox 129 940 187 985; x_wconf 91' lang='lat' dir='ltr'><strong>cor</strong></span> <span class='ocrx_word' id='word_1_25' title='bbox 209 942 316 986; x_wconf 92' lang='lat' dir='ltr'><strong>unum</strong></span> <span class='ocrx_word' id='word_1_26' title='bbox 339 931 375 987; x_wconf 90' lang='lat' dir='ltr'><strong>et</strong></span> <span class='ocrx_word' id='word_1_27' title='bbox 397 925 514 988; x_wconf 91' lang='lat' dir='ltr'><strong>anima</strong></span> <span class='ocrx_word' id='word_1_28' title='bbox 535 942 617 987; x_wconf 86' lang='lat' dir='ltr'><strong>una.</strong></span> <span class='ocrx_word' id='word_1_29' title='bbox 672 923 753 986; x_wconf 90' lang='lat' dir='ltr'><strong>Hac</strong></span> <span class='ocrx_word' id='word_1_30' title='bbox 768 943 907 1006; x_wconf 90' lang='lat' dir='ltr'><strong>quoque</strong></span> <span class='ocrx_word' id='word_1_31' title='bbox 930 944 1080 989; x_wconf 91' lang='lat' dir='ltr'><strong>conven-</strong></span> 
     </span>
     <span class='ocr_line' id='line_1_6' title="bbox 130 1021 1081 1106; baseline 0.004 -23"><span class='ocrx_word' id='word_1_32' title='bbox 130 1021 224 1084; x_wconf 89' lang='lat' dir='ltr'><strong>tione</strong></span> <span class='ocrx_word' id='word_1_33' title='bbox 257 1025 440 1105; x_wconf 86' lang='lat' dir='ltr'><strong>utrobique</strong></span> <span class='ocrx_word' id='word_1_34' title='bbox 471 1023 648 1087; x_wconf 86' lang='lat' dir='ltr'><strong>obsidibus</strong></span> <span class='ocrx_word' id='word_1_35' title='bbox 681 1021 884 1086; x_wconf 82' lang='lat' dir='ltr'><strong>confirmata</strong></span> <span class='ocrx_word' id='word_1_36' title='bbox 915 1032 951 1087; x_wconf 87' lang='lat' dir='ltr'><strong>et</strong></span> <span class='ocrx_word' id='word_1_37' title='bbox 982 1024 1081 1106; x_wconf 91' lang='lat' dir='ltr'><strong>jura·</strong></span> 
     </span>
     <span class='ocr_line' id='line_1_7' title="bbox 132 1120 1082 1198; baseline 0.005 -17"><span class='ocrx_word' id='word_1_38' title='bbox 132 1120 270 1198; x_wconf 88' lang='lat' dir='ltr'><strong>mentis,</strong></span> <span class='ocrx_word' id='word_1_39' title='bbox 303 1141 366 1185; x_wconf 83' lang='lat' dir='ltr'><strong>rex</strong></span> <span class='ocrx_word' id='word_1_40' title='bbox 394 1123 575 1185; x_wconf 92' lang='lat' dir='ltr'><strong>Danorum</strong></span> <span class='ocrx_word' id='word_1_41' title='bbox 608 1121 746 1183; x_wconf 92' lang='lat' dir='ltr'><strong>Suanus</strong></span> <span class='ocrx_word' id='word_1_42' title='bbox 774 1140 934 1184; x_wconf 91' lang='lat' dir='ltr'><strong>reversus</strong></span> <span class='ocrx_word' id='word_1_43' title='bbox 962 1130 1016 1186; x_wconf 90' lang='lat' dir='ltr'><strong>est</strong></span> <span class='ocrx_word' id='word_1_44' title='bbox 1045 1124 1082 1186; x_wconf 93' lang='lat' dir='ltr'><strong>in</strong></span> 
     </span>
     <span class='ocr_line' id='line_1_8' title="bbox 132 1220 1082 1303; baseline 0.002 -21"><span class='ocrx_word' id='word_1_45' title='bbox 132 1225 258 1282; x_wconf 88' lang='lat' dir='ltr'><strong>terram</strong></span> <span class='ocrx_word' id='word_1_46' title='bbox 276 1240 388 1297; x_wconf 89' lang='lat' dir='ltr'><strong>suam,</strong></span> <span class='ocrx_word' id='word_1_47' title='bbox 403 1229 439 1285; x_wconf 90' lang='lat' dir='ltr'><strong>et</strong></span> <span class='ocrx_word' id='word_1_48' title='bbox 455 1222 506 1285; x_wconf 89' lang='lat' dir='ltr'><strong>sic</strong></span> <span class='ocrx_word' id='word_1_49' title='bbox 523 1221 635 1283; x_wconf 83' lang='lat' dir='ltr'><strong>rabies</strong></span> <span class='ocrx_word' id='word_1_50' title='bbox 656 1220 905 1301; x_wconf 87' lang='lat' dir='ltr'><strong>persecutionis</strong></span> <span class='ocrx_word' id='word_1_51' title='bbox 927 1221 1082 1303; x_wconf 85' lang='lat' dir='ltr'><strong>aliquan·</strong></span> 
     </span>
     <span class='ocr_line' id='line_1_9' title="bbox 130 1317 399 1402; baseline 0.004 -23"><span class='ocrx_word' id='word_1_52' title='bbox 130 1317 189 1380; x_wconf 88' lang='lat' dir='ltr'><strong>diu</strong></span> <span class='ocrx_word' id='word_1_53' title='bbox 206 1320 399 1402; x_wconf 85' lang='lat' dir='ltr'><strong>respiravit.</strong></span> 
     </span>
    </p>
   </div>
   <div class='ocr_carea' id='block_1_3' title="bbox 154 1488 1062 1579">
    <p class='ocr_par' dir='ltr' id='par_1_3' title="bbox 154 1488 1062 1579">
     <span class='ocr_line' id='line_1_10' title="bbox 154 1488 1062 1579; baseline 0.003 -24"><span class='ocrx_word' id='word_1_54' title='bbox 154 1491 204 1555; x_wconf 82' lang='lat' dir='ltr'><strong>De</strong></span> <span class='ocrx_word' id='word_1_55' title='bbox 219 1491 325 1556; x_wconf 74' lang='lat' dir='ltr'><strong>chorea</strong></span> <span class='ocrx_word' id='word_1_56' title='bbox 340 1488 476 1578; x_wconf 68' lang='lat' dir='ltr'><strong>quoidam</strong></span> <span class='ocrx_word' id='word_1_57' title='bbox 491 1493 630 1577; x_wconf 76' lang='lat' dir='ltr'><strong>nefanda</strong></span> <span class='ocrx_word' id='word_1_58' title='bbox 642 1515 703 1579; x_wconf 81' lang='lat' dir='ltr'><strong>per</strong></span> <span class='ocrx_word' id='word_1_59' title='bbox 719 1493 1062 1577; x_wconf 78' lang='lat' dir='ltr'><strong>inobedientiamsaeto.</strong></span> 
     </span>
    </p>
   </div>
   <div class='ocr_carea' id='block_1_4' title="bbox 36 1611 1219 4072">
    <p class='ocr_par' dir='ltr' id='par_1_4' title="bbox 133 1611 1219 1998">
     <span class='ocr_line' id='line_1_11' title="bbox 182 1611 1219 1700; baseline -0.006 -19"><span class='ocrx_word' id='word_1_60' title='bbox 182 1615 287 1681; x_wconf 85' lang='lat' dir='ltr'><strong>Anno</strong></span> <span class='ocrx_word' id='word_1_61' title='bbox 301 1618 443 1682; x_wconf 90' lang='lat' dir='ltr'><strong>Domini</strong></span> <span class='ocrx_word' id='word_1_62' title='bbox 458 1634 557 1682; x_wconf 82' lang='lat' dir='ltr'><strong>uxu.</strong></span> <span class='ocrx_word' id='word_1_63' title='bbox 570 1611 665 1681; x_wconf 89' lang='lat' dir='ltr'><strong>¹cum</strong></span> <span class='ocrx_word' id='word_1_64' title='bbox 679 1620 716 1682; x_wconf 96' lang='lat' dir='ltr'><strong>in</strong></span> <span class='ocrx_word' id='word_1_65' title='bbox 730 1618 815 1682; x_wconf 89' lang='lat' dir='ltr'><strong>villa</strong></span> <span class='ocrx_word' id='word_1_66' title='bbox 829 1617 978 1700; x_wconf 92' lang='lat' dir='ltr'><strong>quadam</strong></span> <span class='ocrx_word' id='word_1_67' title='bbox 993 1618 1083 1681; x_wconf 84' lang='lat' dir='ltr'><strong>Sax-</strong></span> <span class='ocrx_word' id='word_1_68' title='bbox 1097 1637 1152 1676; x_wconf 75' lang='lat' dir='ltr'><strong>nn.</strong></span> <span class='ocrx_word' id='word_1_69' title='bbox 1164 1637 1219 1676; x_wconf 82' lang='lat' dir='ltr'><strong>un.</strong></span> 
     </span>
     <span class='ocr_line' id='line_1_12' title="bbox 134 1688 1188 1800; baseline 0.002 -21"><span class='ocrx_word' id='word_1_70' title='bbox 134 1716 223 1779; x_wconf 88' lang='lat' dir='ltr'><strong>oniae</strong></span> <span class='ocrx_word' id='word_1_71' title='bbox 238 1716 376 1780; x_wconf 90' lang='lat' dir='ltr'><strong>nomine</strong></span> <span class='ocrx_word' id='word_1_72' title='bbox 392 1717 556 1793; x_wconf 89' lang='lat' dir='ltr'><strong>Colewic,</strong></span> <span class='ocrx_word' id='word_1_73' title='bbox 574 1718 609 1780; x_wconf 93' lang='lat' dir='ltr'><strong>in</strong></span> <span class='ocrx_word' id='word_1_74' title='bbox 628 1738 699 1800; x_wconf 88' lang='lat' dir='ltr'><strong>qua</strong></span> <span class='ocrx_word' id='word_1_75' title='bbox 721 1725 775 1781; x_wconf 92' lang='lat' dir='ltr'><strong>est</strong></span> <span class='ocrx_word' id='word_1_76' title='bbox 796 1718 943 1781; x_wconf 87' lang='lat' dir='ltr'><strong>ecclesia</strong></span> <span class='ocrx_word' id='word_1_77' title='bbox 961 1717 1084 1798; x_wconf 82' lang='lat' dir='ltr'><strong>Magni</strong></span> <span class='ocrx_word' id='word_1_78' title='bbox 1096 1688 1188 1738; x_wconf 52' lang='lat' dir='ltr'><strong>”m</strong></span> 
     </span>
     <span class='ocr_line' id='line_1_13' title="bbox 133 1816 1086 1899; baseline 0.004 -22"><span class='ocrx_word' id='word_1_79' title='bbox 133 1816 309 1898; x_wconf 87' lang='lat' dir='ltr'><strong>martyris,</strong></span> <span class='ocrx_word' id='word_1_80' title='bbox 322 1816 358 1878; x_wconf 95' lang='lat' dir='ltr'><strong>in</strong></span> <span class='ocrx_word' id='word_1_81' title='bbox 375 1816 496 1896; x_wconf 86' lang='lat' dir='ltr'><strong>vigilia</strong></span> <span class='ocrx_word' id='word_1_82' title='bbox 506 1817 699 1881; x_wconf 89' lang='lat' dir='ltr'><strong>Dominicae</strong></span> <span class='ocrx_word' id='word_1_83' title='bbox 711 1818 905 1881; x_wconf 90' lang='lat' dir='ltr'><strong>nativitatis</strong></span> <span class='ocrx_word' id='word_1_84' title='bbox 921 1817 1086 1899; x_wconf 85' lang='lat' dir='ltr'><strong>parochia</strong></span> 
     </span>
     <span class='ocr_line' id='line_1_14' title="bbox 134 1915 1084 1998; baseline 0.002 -21"><span class='ocrx_word' id='word_1_85' title='bbox 134 1915 364 1991; x_wconf 87' lang='lat' dir='ltr'><strong>convenisset,</strong></span> <span class='ocrx_word' id='word_1_86' title='bbox 381 1924 420 1979; x_wconf 88' lang='lat' dir='ltr'><strong>ut</strong></span> <span class='ocrx_word' id='word_1_87' title='bbox 435 1917 609 1998; x_wconf 92' lang='lat' dir='ltr'><strong>obsequiis</strong></span> <span class='ocrx_word' id='word_1_88' title='bbox 633 1917 817 1980; x_wconf 87' lang='lat' dir='ltr'><strong>interesset</strong></span> <span class='ocrx_word' id='word_1_89' title='bbox 832 1916 970 1992; x_wconf 91' lang='lat' dir='ltr'><strong>divinis,</strong></span> <span class='ocrx_word' id='word_1_90' title='bbox 989 1936 1084 1998; x_wconf 89' lang='lat' dir='ltr'><strong>pres-</strong></span> 
     </span>
    </p>

    <p class='ocr_par' dir='ltr' id='par_1_5' title="bbox 36 2014 1090 4072">
     <span class='ocr_line' id='line_1_15' title="bbox 36 2014 1084 2096; baseline 0.001 -21"><span class='ocrx_word' id='word_1_91' title='bbox 36 2054 39 2058; x_wconf 32' lang='lat'><em>*</em></span> <span class='ocrx_word' id='word_1_92' title='bbox 133 2014 246 2096; x_wconf 91' lang='lat' dir='ltr'><strong>byter,</strong></span> <span class='ocrx_word' id='word_1_93' title='bbox 273 2015 411 2077; x_wconf 90' lang='lat' dir='ltr'><strong>nomine</strong></span> <span class='ocrx_word' id='word_1_94' title='bbox 438 2014 626 2091; x_wconf 88' lang='lat' dir='ltr'><strong>Robertus,</strong></span> <span class='ocrx_word' id='word_1_95' title='bbox 649 2015 692 2079; x_wconf 90' lang='lat' dir='ltr'><strong>de</strong></span> <span class='ocrx_word' id='word_1_96' title='bbox 718 2034 813 2078; x_wconf 88' lang='lat' dir='ltr'><strong>more</strong></span> <span class='ocrx_word' id='word_1_97' title='bbox 837 2015 982 2096; x_wconf 88' lang='lat' dir='ltr'><strong>primam</strong></span> <span class='ocrx_word' id='word_1_98' title='bbox 1005 2015 1084 2077; x_wconf 88' lang='lat' dir='ltr'><strong>mis-</strong></span> 
     </span>
     <span class='ocr_line' id='line_1_16' title="bbox 135 2112 1085 2195; baseline 0 -19"><span class='ocrx_word' id='word_1_99' title='bbox 135 2132 210 2176; x_wconf 89' lang='lat' dir='ltr'><strong>sam</strong></span> <span class='ocrx_word' id='word_1_100' title='bbox 227 2112 415 2177; x_wconf 88' lang='lat' dir='ltr'><strong>solenniter</strong></span> <span class='ocrx_word' id='word_1_101' title='bbox 432 2113 629 2192; x_wconf 82' lang='lat' dir='ltr'><strong>inchoavit3</strong></span> <span class='ocrx_word' id='word_1_102' title='bbox 653 2120 689 2176; x_wconf 92' lang='lat' dir='ltr'><strong>et</strong></span> <span class='ocrx_word' id='word_1_103' title='bbox 711 2133 789 2176; x_wconf 90' lang='lat' dir='ltr'><strong>ecce</strong></span> <span class='ocrx_word' id='word_1_104' title='bbox 810 2113 1003 2195; x_wconf 90' lang='lat' dir='ltr'><strong>quindecim</strong></span> <span class='ocrx_word' id='word_1_105' title='bbox 1019 2114 1085 2176; x_wconf 90' lang='lat' dir='ltr'><strong>viri</strong></span> 
     </span>
     <span class='ocr_line' id='line_1_17' title="bbox 134 2211 1085 2276; baseline 0 -1"><span class='ocrx_word' id='word_1_106' title='bbox 134 2232 213 2275; x_wconf 92' lang='lat' dir='ltr'><strong>cum</strong></span> <span class='ocrx_word' id='word_1_107' title='bbox 230 2213 340 2276; x_wconf 90' lang='lat' dir='ltr'><strong>tribus</strong></span> <span class='ocrx_word' id='word_1_108' title='bbox 364 2213 515 2276; x_wconf 85' lang='lat' dir='ltr'><strong>foeminis</strong></span> <span class='ocrx_word' id='word_1_109' title='bbox 537 2213 573 2274; x_wconf 92' lang='lat' dir='ltr'><strong>in</strong></span> <span class='ocrx_word' id='word_1_110' title='bbox 593 2213 783 2275; x_wconf 83' lang='lat' dir='ltr'><strong>coemiterio</strong></span> <span class='ocrx_word' id='word_1_111' title='bbox 798 2211 941 2275; x_wconf 86' lang='lat' dir='ltr'><strong>choreas</strong></span> <span class='ocrx_word' id='word_1_112' title='bbox 958 2211 1085 2275; x_wconf 89' lang='lat' dir='ltr'><strong>ducen-</strong></span> 
     </span>
     <span class='ocr_line' id='line_1_18' title="bbox 135 2311 1087 2393; baseline -0.002 -18"><span class='ocrx_word' id='word_1_113' title='bbox 135 2320 200 2388; x_wconf 87' lang='lat' dir='ltr'><strong>tes,</strong></span> <span class='ocrx_word' id='word_1_114' title='bbox 228 2320 264 2375; x_wconf 92' lang='lat' dir='ltr'><strong>et</strong></span> <span class='ocrx_word' id='word_1_115' title='bbox 286 2311 460 2375; x_wconf 90' lang='lat' dir='ltr'><strong>seculares</strong></span> <span class='ocrx_word' id='word_1_116' title='bbox 484 2312 674 2375; x_wconf 88' lang='lat' dir='ltr'><strong>cantilenas</strong></span> <span class='ocrx_word' id='word_1_117' title='bbox 702 2317 968 2393; x_wconf 86' lang='lat' dir='ltr'><strong>perstrepentes,</strong></span> <span class='ocrx_word' id='word_1_118' title='bbox 992 2329 1087 2392; x_wconf 88' lang='lat' dir='ltr'><strong>pres·</strong></span> 
     </span>
     <span class='ocr_line' id='line_1_19' title="bbox 134 2410 1083 2494; baseline -0.003 -20"><span class='ocrx_word' id='word_1_119' title='bbox 134 2413 293 2493; x_wconf 85' lang='lat' dir='ltr'><strong>byterum</strong></span> <span class='ocrx_word' id='word_1_120' title='bbox 318 2410 405 2474; x_wconf 90' lang='lat' dir='ltr'><strong>adeo</strong></span> <span class='ocrx_word' id='word_1_121' title='bbox 431 2410 677 2494; x_wconf 85' lang='lat' dir='ltr'><strong>impediebant,</strong></span> <span class='ocrx_word' id='word_1_122' title='bbox 705 2417 745 2473; x_wconf 92' lang='lat' dir='ltr'><strong>ut</strong></span> <span class='ocrx_word' id='word_1_123' title='bbox 770 2410 843 2491; x_wconf 90' lang='lat' dir='ltr'><strong>ipse</strong></span> <span class='ocrx_word' id='word_1_124' title='bbox 869 2410 1083 2473; x_wconf 89' lang='lat' dir='ltr'><strong>cantantium</strong></span> 
     </span>
     <span class='ocr_line' id='line_1_20' title="bbox 135 2508 1083 2575; baseline -0.003 0"><span class='ocrx_word' id='word_1_125' title='bbox 135 2509 305 2575; x_wconf 89' lang='lat' dir='ltr'><strong>tumultus</strong></span> <span class='ocrx_word' id='word_1_126' title='bbox 331 2510 422 2573; x_wconf 90' lang='lat' dir='ltr'><strong>inter</strong></span> <span class='ocrx_word' id='word_1_127' title='bbox 449 2523 673 2575; x_wconf 86' lang='lat' dir='ltr'><strong>sacrosancta</strong></span> <span class='ocrx_word' id='word_1_128' title='bbox 703 2510 885 2572; x_wconf 87' lang='lat' dir='ltr'><strong>missarum</strong></span> <span class='ocrx_word' id='word_1_129' title='bbox 916 2508 1083 2573; x_wconf 89' lang='lat' dir='ltr'><strong>solemnia</strong></span> 
     </span>
     <span class='ocr_line' id='line_1_21' title="bbox 135 2608 1083 2691; baseline -0.001 -18"><span class='ocrx_word' id='word_1_130' title='bbox 135 2608 241 2673; x_wconf 86' lang='lat' dir='ltr'><strong>altius</strong></span> <span class='ocrx_word' id='word_1_131' title='bbox 260 2615 450 2672; x_wconf 90' lang='lat' dir='ltr'><strong>resonaret.</strong></span> <span class='ocrx_word' id='word_1_132' title='bbox 502 2610 662 2691; x_wconf 90' lang='lat' dir='ltr'><strong>Denique</strong></span> <span class='ocrx_word' id='word_1_133' title='bbox 679 2628 757 2672; x_wconf 91' lang='lat' dir='ltr'><strong>cum</strong></span> <span class='ocrx_word' id='word_1_134' title='bbox 774 2628 795 2670; x_wconf 82' lang='lat' dir='ltr'>a</span> <span class='ocrx_word' id='word_1_135' title='bbox 810 2608 966 2674; x_wconf 89' lang='lat' dir='ltr'><strong>Roberto</strong></span> <span class='ocrx_word' id='word_1_136' title='bbox 988 2629 1083 2691; x_wconf 90' lang='lat' dir='ltr'><strong>pres·</strong></span> 
     </span>
     <span class='ocr_line' id='line_1_22' title="bbox 136 2707 1084 2791; baseline 0 -21"><span class='ocrx_word' id='word_1_137' title='bbox 136 2709 256 2791; x_wconf 86' lang='lat' dir='ltr'><strong>bytero</strong></span> <span class='ocrx_word' id='word_1_138' title='bbox 278 2708 480 2771; x_wconf 90' lang='lat' dir='ltr'><strong>mandatum</strong></span> <span class='ocrx_word' id='word_1_139' title='bbox 511 2707 677 2772; x_wconf 90' lang='lat' dir='ltr'><strong>habereut</strong></span> <span class='ocrx_word' id='word_1_140' title='bbox 707 2716 746 2771; x_wconf 93' lang='lat' dir='ltr'><strong>ut</strong></span> <span class='ocrx_word' id='word_1_141' title='bbox 771 2715 935 2784; x_wconf 89' lang='lat' dir='ltr'><strong>tacerent,</strong></span> <span class='ocrx_word' id='word_1_142' title='bbox 959 2715 995 2772; x_wconf 92' lang='lat' dir='ltr'><strong>et</strong></span> <span class='ocrx_word' id='word_1_143' title='bbox 1018 2707 1084 2791; x_wconf 91' lang='lat' dir='ltr'><strong>ipsi</strong></span> 
     </span>
     <span class='ocr_line' id='line_1_23' title="bbox 135 2807 1085 2890; baseline 0 -21"><span class='ocrx_word' id='word_1_144' title='bbox 135 2808 236 2871; x_wconf 89' lang='lat' dir='ltr'><strong>silere</strong></span> <span class='ocrx_word' id='word_1_145' title='bbox 264 2807 561 2888; x_wconf 88' lang='lat' dir='ltr'><strong>contempsissent,</strong></span> <span class='ocrx_word' id='word_1_146' title='bbox 583 2809 794 2890; x_wconf 88' lang='lat' dir='ltr'><strong>imprecatus</strong></span> <span class='ocrx_word' id='word_1_147' title='bbox 819 2815 872 2871; x_wconf 91' lang='lat' dir='ltr'><strong>est</strong></span> <span class='ocrx_word' id='word_1_148' title='bbox 894 2808 1085 2889; x_wconf 85' lang='lat' dir='ltr'><strong>presbyter,</strong></span> 
     </span>
     <span class='ocr_line' id='line_1_24' title="bbox 135 2905 1086 2989; baseline 0 -20"><span class='ocrx_word' id='word_1_149' title='bbox 135 2907 245 2971; x_wconf 91' lang='lat' dir='ltr'><strong>iratus</strong></span> <span class='ocrx_word' id='word_1_150' title='bbox 269 2905 398 2982; x_wconf 79' lang='lat' dir='ltr'><strong>dicenS,</strong></span> <span class='ocrx_word' id='word_1_151' title='bbox 423 2905 606 2982; x_wconf 89' lang='lat' dir='ltr'><strong>‘Placeat,</strong></span> <span class='ocrx_word' id='word_1_152' title='bbox 626 2908 780 2989; x_wconf 89' lang='lat' dir='ltr'><strong>inquam,</strong></span> <span class='ocrx_word' id='word_1_153' title='bbox 801 2906 878 2969; x_wconf 93' lang='lat' dir='ltr'><strong>Deo</strong></span> <span class='ocrx_word' id='word_1_154' title='bbox 902 2912 938 2968; x_wconf 87' lang='lat' dir='ltr'><strong>et</strong></span> <span class='ocrx_word' id='word_1_155' title='bbox 964 2912 1086 2969; x_wconf 90' lang='lat' dir='ltr'><strong>sancto</strong></span> 
     </span>
     <span class='ocr_line' id='line_1_25' title="bbox 137 3004 1085 3086; baseline -0.001 -18"><span class='ocrx_word' id='word_1_156' title='bbox 137 3005 282 3086; x_wconf 80' lang='lat' dir='ltr'><strong>Magno,</strong></span> <span class='ocrx_word' id='word_1_157' title='bbox 308 3012 348 3068; x_wconf 93' lang='lat' dir='ltr'><strong>ut</strong></span> <span class='ocrx_word' id='word_1_158' title='bbox 371 3006 422 3068; x_wconf 94' lang='lat' dir='ltr'><strong>ita</strong></span> <span class='ocrx_word' id='word_1_159' title='bbox 448 3013 628 3068; x_wconf 87' lang='lat' dir='ltr'><strong>cantantes</strong></span> <span class='ocrx_word' id='word_1_160' title='bbox 652 3005 884 3086; x_wconf 88' lang='lat' dir='ltr'><strong>permaneatis</strong></span> <span class='ocrx_word' id='word_1_161' title='bbox 909 3004 1085 3085; x_wconf 85' lang='lat' dir='ltr'><strong>usquead</strong></span> 
     </span>
     <span class='ocr_line' id='line_1_26' title="bbox 133 3101 1086 3185; baseline -0.003 -17"><span class='ocrx_word' id='word_1_162' title='bbox 133 3123 265 3168; x_wconf 91' lang='lat' dir='ltr'><strong>annum</strong></span> <span class='ocrx_word' id='word_1_163' title='bbox 281 3103 480 3168; x_wconf 64' lang='lat' dir='ltr'><strong>evolutum?</strong></span> <span class='ocrx_word' id='word_1_164' title='bbox 514 3104 607 3182; x_wconf 89' lang='lat' dir='ltr'><strong>Quid</strong></span> <span class='ocrx_word' id='word_1_165' title='bbox 626 3105 735 3185; x_wconf 79' lang='lat' dir='ltr'><strong>ergol</strong></span> <span class='ocrx_word' id='word_1_166' title='bbox 765 3102 883 3165; x_wconf 89' lang='lat' dir='ltr'><strong>Verba</strong></span> <span class='ocrx_word' id='word_1_167' title='bbox 898 3101 1086 3165; x_wconf 86' lang='lat' dir='ltr'><strong>sacerdotis</strong></span> 
     </span>
     <span class='ocr_line' id='line_1_27' title="bbox 138 3200 1084 3286; baseline -0.004 -20"><span class='ocrx_word' id='word_1_168' title='bbox 138 3203 273 3286; x_wconf 88' lang='lat' dir='ltr'><strong>pondus</strong></span> <span class='ocrx_word' id='word_1_169' title='bbox 303 3202 390 3267; x_wconf 88' lang='lat' dir='ltr'><strong>adeo</strong></span> <span class='ocrx_word' id='word_1_170' title='bbox 419 3202 628 3279; x_wconf 88' lang='lat' dir='ltr'><strong>habuerunt,</strong></span> <span class='ocrx_word' id='word_1_171' title='bbox 652 3209 692 3265; x_wconf 92' lang='lat' dir='ltr'><strong>ut</strong></span> <span class='ocrx_word' id='word_1_172' title='bbox 716 3200 908 3277; x_wconf 78' lang='lat' dir='ltr'><strong>lohannes,</strong></span> <span class='ocrx_word' id='word_1_173' title='bbox 932 3200 1084 3283; x_wconf 91' lang='lat' dir='ltr'><strong>ejusdem</strong></span> 
     </span>
     <span class='ocr_line' id='line_1_28' title="bbox 138 3300 1084 3385; baseline -0.002 -21"><span class='ocrx_word' id='word_1_174' title='bbox 138 3303 329 3385; x_wconf 85' lang='lat' dir='ltr'><strong>presbyteri</strong></span> <span class='ocrx_word' id='word_1_175' title='bbox 344 3301 447 3378; x_wconf 89' lang='lat' dir='ltr'><strong>filius,</strong></span> <span class='ocrx_word' id='word_1_176' title='bbox 465 3320 618 3366; x_wconf 91' lang='lat' dir='ltr'><strong>sororem</strong></span> <span class='ocrx_word' id='word_1_177' title='bbox 635 3320 733 3364; x_wconf 90' lang='lat' dir='ltr'><strong>suam</strong></span> <span class='ocrx_word' id='word_1_178' title='bbox 751 3320 829 3362; x_wconf 90' lang='lat' dir='ltr'><strong>cum</strong></span> <span class='ocrx_word' id='word_1_179' title='bbox 846 3300 924 3363; x_wconf 88' lang='lat' dir='ltr'><strong>aliis</strong></span> <span class='ocrx_word' id='word_1_180' title='bbox 939 3308 1084 3363; x_wconf 89' lang='lat' dir='ltr'><strong>cantan-</strong></span> 
     </span>
     <span class='ocr_line' id='line_1_29' title="bbox 137 3398 1083 3484; baseline -0.001 -20"><span class='ocrx_word' id='word_1_181' title='bbox 137 3409 207 3465; x_wconf 90' lang='lat' dir='ltr'><strong>tem</strong></span> <span class='ocrx_word' id='word_1_182' title='bbox 229 3420 291 3483; x_wconf 90' lang='lat' dir='ltr'><strong>per</strong></span> <span class='ocrx_word' id='word_1_183' title='bbox 307 3400 485 3464; x_wconf 89' lang='lat' dir='ltr'><strong>brachium</strong></span> <span class='ocrx_word' id='word_1_184' title='bbox 509 3402 690 3484; x_wconf 88' lang='lat' dir='ltr'><strong>arripiens,</strong></span> <span class='ocrx_word' id='word_1_185' title='bbox 707 3406 746 3462; x_wconf 94' lang='lat' dir='ltr'><strong>ut</strong></span> <span class='ocrx_word' id='word_1_186' title='bbox 762 3418 838 3462; x_wconf 88' lang='lat' dir='ltr'><strong>eam</strong></span> <span class='ocrx_word' id='word_1_187' title='bbox 855 3398 1083 3476; x_wconf 87' lang='lat' dir='ltr'><strong>abstraheret,</strong></span> 
     </span>
     <span class='ocr_line' id='line_1_30' title="bbox 138 3479 1085 3581; baseline -0.001 -18"><span class='ocrx_word' id='word_1_188' title='bbox 138 3520 216 3570; x_wconf 89' lang='lat' dir='ltr'><strong>cum</strong></span> <span class='ocrx_word' id='word_1_189' title='bbox 249 3500 406 3563; x_wconf 88' lang='lat' dir='ltr'><strong>recedere</strong></span> <span class='ocrx_word' id='word_1_190' title='bbox 433 3520 502 3563; x_wconf 94' lang='lat' dir='ltr'><strong>non</strong></span> <span class='ocrx_word' id='word_1_191' title='bbox 531 3479 657 3581; x_wconf 78' lang='lat' dir='ltr'><strong>potdit,</strong></span> <span class='ocrx_word' id='word_1_192' title='bbox 683 3497 860 3561; x_wconf 88' lang='lat' dir='ltr'><strong>brachium</strong></span> <span class='ocrx_word' id='word_1_193' title='bbox 892 3518 914 3560; x_wconf 92' lang='lat' dir='ltr'><strong>a</strong></span> <span class='ocrx_word' id='word_1_194' title='bbox 942 3518 1085 3581; x_wconf 91' lang='lat' dir='ltr'><strong>corpore</strong></span> 
     </span>
     <span class='ocr_line' id='line_1_31' title="bbox 142 3597 1087 3680; baseline -0.003 -17"><span class='ocrx_word' id='word_1_195' title='bbox 142 3600 282 3675; x_wconf 85' lang='lat' dir='ltr'><strong>evulsit,</strong></span> <span class='ocrx_word' id='word_1_196' title='bbox 296 3599 356 3662; x_wconf 90' lang='lat' dir='ltr'><strong>sed</strong></span> <span class='ocrx_word' id='word_1_197' title='bbox 372 3600 452 3663; x_wconf 90' lang='lat' dir='ltr'><strong>inde</strong></span> <span class='ocrx_word' id='word_1_198' title='bbox 465 3607 568 3679; x_wconf 78' lang='lat' dir='ltr'><strong>gutta</strong></span> <span class='ocrx_word' id='word_1_199' title='bbox 585 3598 764 3680; x_wconf 82' lang='lat' dir='ltr'><strong>sanguinis</strong></span> <span class='ocrx_word' id='word_1_200' title='bbox 783 3618 851 3660; x_wconf 92' lang='lat' dir='ltr'><strong>non</strong></span> <span class='ocrx_word' id='word_1_201' title='bbox 869 3597 990 3673; x_wconf 84' lang='lat' dir='ltr'><strong>exivit,</strong></span> <span class='ocrx_word' id='word_1_202' title='bbox 1010 3598 1087 3679; x_wconf 91' lang='lat' dir='ltr'><strong>ipsa</strong></span> 
     </span>
     <span class='ocr_line' id='line_1_32' title="bbox 137 3697 1087 3780; baseline -0.001 -19"><span class='ocrx_word' id='word_1_203' title='bbox 137 3699 256 3780; x_wconf 89' lang='lat' dir='ltr'><strong>itaque</strong></span> <span class='ocrx_word' id='word_1_204' title='bbox 278 3716 339 3780; x_wconf 90' lang='lat' dir='ltr'><strong>per</strong></span> <span class='ocrx_word' id='word_1_205' title='bbox 354 3706 466 3762; x_wconf 91' lang='lat' dir='ltr'><strong>totum</strong></span> <span class='ocrx_word' id='word_1_206' title='bbox 482 3718 610 3761; x_wconf 92' lang='lat' dir='ltr'><strong>annum</strong></span> <span class='ocrx_word' id='word_1_207' title='bbox 633 3718 711 3761; x_wconf 90' lang='lat' dir='ltr'><strong>cum</strong></span> <span class='ocrx_word' id='word_1_208' title='bbox 730 3698 866 3760; x_wconf 85' lang='lat' dir='ltr'><strong>caeteris</strong></span> <span class='ocrx_word' id='word_1_209' title='bbox 886 3697 1087 3779; x_wconf 86' lang='lat' dir='ltr'><strong>permansit,</strong></span> 
     </span>
     <span class='ocr_line' id='line_1_33' title="bbox 137 3796 1088 3879; baseline 0 -20"><span class='ocrx_word' id='word_1_210' title='bbox 137 3806 174 3860; x_wconf 87' lang='lat' dir='ltr'><strong>et</strong></span> <span class='ocrx_word' id='word_1_211' title='bbox 199 3797 342 3861; x_wconf 88' lang='lat' dir='ltr'><strong>choreas</strong></span> <span class='ocrx_word' id='word_1_212' title='bbox 370 3797 500 3861; x_wconf 91' lang='lat' dir='ltr'><strong>ducens</strong></span> <span class='ocrx_word' id='word_1_213' title='bbox 530 3799 705 3877; x_wconf 88' lang='lat' dir='ltr'><strong>cantavit;</strong></span> <span class='ocrx_word' id='word_1_214' title='bbox 732 3796 852 3878; x_wconf 91' lang='lat' dir='ltr'><strong>pluvia</strong></span> <span class='ocrx_word' id='word_1_215' title='bbox 879 3816 984 3879; x_wconf 89' lang='lat' dir='ltr'><strong>super</strong></span> <span class='ocrx_word' id='word_1_216' title='bbox 1009 3797 1088 3862; x_wconf 92' lang='lat' dir='ltr'><strong>illos</strong></span> 
     </span>
     <span class='ocr_line' id='line_1_34' title="bbox 139 3896 1089 3978; baseline 0 -19"><span class='ocrx_word' id='word_1_217' title='bbox 139 3916 208 3961; x_wconf 92' lang='lat' dir='ltr'><strong>non</strong></span> <span class='ocrx_word' id='word_1_218' title='bbox 236 3896 370 3973; x_wconf 89' lang='lat' dir='ltr'><strong>cecidit,</strong></span> <span class='ocrx_word' id='word_1_219' title='bbox 397 3917 467 3960; x_wconf 95' lang='lat' dir='ltr'><strong>non</strong></span> <span class='ocrx_word' id='word_1_220' title='bbox 494 3897 616 3978; x_wconf 75' lang='lat' dir='ltr'><strong>frigus,</strong></span> <span class='ocrx_word' id='word_1_221' title='bbox 643 3917 712 3960; x_wconf 92' lang='lat' dir='ltr'><strong>non</strong></span> <span class='ocrx_word' id='word_1_222' title='bbox 738 3896 845 3972; x_wconf 92' lang='lat' dir='ltr'><strong>calor,</strong></span> <span class='ocrx_word' id='word_1_223' title='bbox 872 3916 941 3959; x_wconf 94' lang='lat' dir='ltr'><strong>non</strong></span> <span class='ocrx_word' id='word_1_224' title='bbox 969 3896 1089 3973; x_wconf 85' lang='lat' dir='ltr'><strong>sames,</strong></span> 
     </span>
     <span class='ocr_line' id='line_1_35' title="bbox 139 3994 1090 4072; baseline 0 -15"><span class='ocrx_word' id='word_1_225' title='bbox 139 4016 207 4058; x_wconf 93' lang='lat' dir='ltr'><strong>uon</strong></span> <span class='ocrx_word' id='word_1_226' title='bbox 230 3996 319 4072; x_wconf 92' lang='lat' dir='ltr'><strong>sitis,</strong></span> <span class='ocrx_word' id='word_1_227' title='bbox 349 4015 412 4059; x_wconf 91' lang='lat' dir='ltr'><strong>nec</strong></span> <span class='ocrx_word' id='word_1_228' title='bbox 434 3996 603 4060; x_wconf 88' lang='lat' dir='ltr'><strong>lassitudo</strong></span> <span class='ocrx_word' id='word_1_229' title='bbox 628 3996 707 4061; x_wconf 90' lang='lat' dir='ltr'><strong>illos</strong></span> <span class='ocrx_word' id='word_1_230' title='bbox 739 3994 865 4071; x_wconf 88' lang='lat' dir='ltr'><strong>affecit,</strong></span> <span class='ocrx_word' id='word_1_231' title='bbox 888 3996 1090 4058; x_wconf 90' lang='lat' dir='ltr'><strong>indumenta</strong></span> 
     </span>
    </p>
   </div>
   <div class='ocr_carea' id='block_1_5' title="bbox 138 4166 1091 4304">
    <p class='ocr_par' dir='ltr' id='par_1_6' title="bbox 138 4166 1091 4304">
     <span class='ocr_line' id='line_1_36' title="bbox 174 4166 1091 4235; baseline -0.005 -15"><span class='ocrx_word' id='word_1_232' title='bbox 174 4167 183 4200; x_wconf 91' lang='lat'>¹</span> <span class='ocrx_word' id='word_1_233' title='bbox 198 4173 260 4220; x_wconf 79' lang='lat' dir='ltr'><strong>Cam</strong></span> <span class='ocrx_word' id='word_1_234' title='bbox 272 4171 298 4219; x_wconf 82' lang='lat' dir='ltr'><strong>in</strong></span> <span class='ocrx_word' id='word_1_235' title='bbox 316 4172 374 4221; x_wconf 79' lang='lat' dir='ltr'><strong>vitto</strong></span> <span class='ocrx_word' id='word_1_236' title='bbox 385 4172 509 4235; x_wconf 61' lang='lat' dir='ltr'><strong>quadra]</strong></span> <span class='ocrx_word' id='word_1_237' title='bbox 528 4171 602 4221; x_wconf 85' lang='lat' dir='ltr'><strong>Com-</strong></span> <span class='ocrx_word' id='word_1_238' title='bbox 630 4171 796 4231; x_wconf 79' lang='lat' dir='ltr'><strong>hialmsbury‚</strong></span> <span class='ocrx_word' id='word_1_239' title='bbox 808 4166 821 4234; x_wconf 88' lang='lat'>§</span> <span class='ocrx_word' id='word_1_240' title='bbox 834 4173 891 4230; x_wconf 73' lang='lat'><strong>1⁷4,</strong></span> <span class='ocrx_word' id='word_1_241' title='bbox 899 4168 949 4218; x_wconf 89' lang='lat' dir='ltr'><strong>aud</strong></span> <span class='ocrx_word' id='word_1_242' title='bbox 962 4168 1091 4229; x_wconf 82' lang='lat' dir='ltr'><strong>Bronton,</strong></span> 
     </span>
     <span class='ocr_line' id='line_1_37' title="bbox 138 4240 746 4304; baseline -0.005 -13"><span class='ocrx_word' id='word_1_243' title='bbox 138 4255 199 4302; x_wconf 83' lang='lat' dir='ltr'><strong>pare</strong></span> <span class='ocrx_word' id='word_1_244' title='bbox 218 4242 260 4291; x_wconf 91' lang='lat' dir='ltr'><strong>the</strong></span> <span class='ocrx_word' id='word_1_245' title='bbox 278 4247 385 4291; x_wconf 87' lang='lat' dir='ltr'><strong>account</strong></span> <span class='ocrx_word' id='word_1_246' title='bbox 402 4241 531 4304; x_wconf 76' lang='lat' dir='ltr'><strong>following</strong></span> <span class='ocrx_word' id='word_1_247' title='bbox 541 4240 603 4289; x_wconf 83' lang='lat' dir='ltr'><strong>with</strong></span> <span class='ocrx_word' id='word_1_248' title='bbox 629 4242 677 4292; x_wconf 88' lang='lat' dir='ltr'><strong>col.</strong></span> <span class='ocrx_word' id='word_1_249' title='bbox 689 4244 746 4289; x_wconf 77' lang='lat'>8⁹1.</span> 
     </span>
    </p>
   </div>
   <div class='ocr_carea' id='block_1_6' title="bbox 0 0 1515 5004">
    <p class='ocr_par' dir='ltr' id='par_1_7' title="bbox 0 0 1515 5004">
     <span class='ocr_line' id='line_1_38' title="bbox 0 0 1515 5004; baseline 0 0"><span class='ocrx_word' id='word_1_250' title='bbox 0 0 1515 5004; x_wconf 95' lang='lat' dir='ltr'><strong> </strong></span> 
     </span>
    </p>
   </div>
  </div>
 </body>
</html>
