3000 5004
354 439 418 505 182
575 514 579 521 ⁸
610 457 743 505 aeunni
769 459 815 505 nn
839 458 1044 508 wmrnevnn

355 607 547 678 Cedwalle¹
572 615 664 678 enim
688 634 764 691 rex,
784 622 820 678 et
841 615 949 678 stater
970 614 1046 698 ejus
1064 613 1141 677 Mul
1165 614 1307 696 pr'evin·

354 713 444 776 eiam
460 713 555 776 illam
574 714 733 795 ingressi,
751 713 847 777 nulle
868 715 1058 777 obsistente
1080 734 1156 777 eam
1171 714 1306 795 deprae·

354 811 428 875 dati
453 832 494 876 ac
519 813 720 895 depopulati
745 820 838 890 sunt,
861 832 939 895 quae
956 812 1093 877 saevitia
1118 832 1180 894 per
1198 812 1306 876 trien-

354 911 449 974 nium
472 912 623 990 duravit‚
641 913 750 976 denec
767 906 863 976 ²Mul
887 912 1065 994 praefatus,
1091 912 1204 975 inanis
1229 911 1306 992 glo-

353 1011 413 1073 riae
436 1010 594 1093 cupidus,
624 1011 809 1075 immatura
833 1018 944 1075 morte
973 1019 1173 1093 praeventus
1196 1011 1306 1075 vitam

217 1128 275 1207 ωηο
316 1180 320 1190 ,
353 1110 563 1175 terminavit.
616 1110 746 1174 Eodem
762 1129 855 1174 anne
870 1109 1047 1174 Cedwalla
1061 1129 1124 1172 rex
1138 1109 1306 1191 praelatus

315 1194 321 1215 ⁹
355 1207 503 1273 Vestam
517 1209 666 1273 insulam
677 1208 891 1291 subjugavit,
901 1202 1306 1292 regemque³Athelwol·

353 1307 436 1371 dum
470 1308 673 1372 australium
704 1308 896 1385 Saxonum,
929 1308 989 1390 qui
1021 1315 1103 1372 tunc
1135 1305 1305 1370 insulanis

353 1407 505 1487 praefuit,
537 1407 668 1472 crudeli
700 1414 810 1471 morte
840 1407 986 1489 peremit
1017 1426 1058 1470 ac
1089 1406 1303 1490 provinciam

351 1506 445 1570 illam
469 1527 566 1571 saeva
588 1507 854 1588 depopulatione
879 1506 1067 1585 contrivit3
1092 1506 1152 1569 sed
1175 1525 1257 1569 mex
1283 1524 1306 1569 a

352 1605 498 1669 ducibus
524 1604 747 1682 Athelweldi‚
782 1606 938 1669 Bertuno
973 1613 1010 1669 et
1040 1604 1203 1681 Auduno,
1241 1624 1303 1668 ex-

352 1704 485 1784 pulsus,
506 1724 650 1785 regnum
672 1705 848 1787 praedietis
870 1704 1015 1767 ducibus
1037 1704 1188 1786 reliquit,
1210 1703 1304 1785 qued

351 1802 402 1865 illi
418 1803 580 1885 deinceps
597 1803 706 1867 multe
723 1811 878 1886 tempere
896 1811 1090 1868 tenuerunt.
1143 1802 1226 1866 Fuit
1240 1822 1303 1866 au·

351 1908 420 1964 tem
445 1901 633 1978 Cedwalla,
662 1909 703 1965 ut
732 1922 838 1986 supra
867 1903 998 1966 dictum
1030 1910 1084 1966 est
1112 1901 1301 1966 secundum

349 1999 513 2065 chronica
551 2000 758 2083 Anglorum,
788 2002 880 2065 filius
914 2000 1109 2078 Kineberti,
1139 2001 1199 2082 qui
1235 2001 1302 2064 luit

349 2098 513 2177 Ceaddae,
528 2102 588 2182 qui
610 2100 676 2164 suit
694 2100 830 2177 Cutbae,
850 2100 910 2183 qui
931 2101 997 2164 luit
1012 2099 1181 2164 Ceaulini.
1233 2099 1301 2163 Sed

350 2200 415 2262 sub
431 2200 569 2263 silentio
586 2199 863 2281 praetereundum
882 2219 952 2263 nen
969 2218 1045 2262 esse
1060 2219 1137 2263 reor
1155 2199 1199 2262 de
1213 2199 1299 2263 due-

350 2297 420 2359 bus
433 2298 513 2362 filiis
528 2297 696 2374 Arwaldi,
717 2298 836 2362 Vectae
860 2298 983 2361 insulae
1006 2298 1194 2379 subreguli,
1212 2317 1298 2379 qua-

350 2395 429 2460 liter
448 2405 530 2461 sunt
552 2397 620 2460 Dei
642 2398 757 2478 gratia
777 2397 944 2480 martyrio
964 2398 1132 2461 coronati.
1183 2395 1300 2479 Siqui-

349 2494 427 2558 dem
442 2496 698 2559 imminentibus
712 2495 836 2559 insulae
858 2496 1028 2573 hostibus,
1046 2496 1090 2559 ad
1104 2497 1298 2578 proximam

349 2591 373 2655 J
377 2600 512 2656 ntorum
532 2594 745 2675 provinciam
768 2614 829 2676 per
851 2595 969 2676 fugam
992 2594 1102 2677 elapsi
1124 2602 1218 2673 sunt,
1236 2596 1297 2659 sed

348 2685 491 2754 ⁴ibidem
518 2693 624 2757 delati
651 2702 697 2768 et,
718 2693 863 2777 jubente
893 2693 1081 2771 Cedwalla,
1109 2703 1192 2759 sunt
1219 2715 1298 2777 per·

348 2792 479 2872 empti3
509 2791 600 2874 quod
629 2812 707 2855 cum
735 2793 888 2856 audisset
914 2787 1040 2856 ⁶abbas
1064 2794 1107 2857 de
1129 2793 1298 2872 Redlerd,

347 2908 415 2952 nen
433 2891 537 2972 longe
556 2893 802 2955 monasterium
824 2892 968 2968 babens
985 2893 1082 2956 venit
1099 2892 1143 2956 ad
1166 2913 1296 2974 regem,

346 2990 605 3073 postulavitque
628 2992 672 3054 ab
697 3011 750 3067 eo,
767 2998 807 3054 ut
822 2992 852 3053 si
874 3011 1000 3072 pueros
1019 2992 1162 3073 perdere
1177 2991 1296 3069 vellet,

193 3117 196 3121 ·
236 3159 238 3163 Α
345 3089 442 3168 prius
468 3090 586 3153 liceret
608 3109 668 3153 ees
690 3089 769 3154 fidei
795 3090 902 3152 imbui
931 3091 1175 3171 sacramentis;
1202 3093 1294 3173 qued

345 3206 423 3250 cum
440 3208 503 3251 rex
519 3189 698 3252 annuisset
712 3196 748 3252 et
763 3188 857 3253 fonte
874 3189 1018 3253 salutari
1039 3197 1155 3253 essent
1171 3192 1294 3268 abluti,

343 3285 495 3351 instante
513 3289 685 3365 carnifice,
703 3295 847 3352 mertem
864 3287 936 3352 laeti
959 3289 1139 3352 subierunt
1159 3297 1293 3373 tempo·

342 3385 462 3463 ralem,
479 3407 540 3469 per
557 3407 661 3470 quam
684 3407 721 3451 se
744 3387 912 3451 advitam
935 3395 1136 3469 perpetuam
1158 3388 1293 3453 indubi-

342 3490 458 3549 tanter
474 3488 682 3551 transituros
700 3487 866 3549 sciebant.

377 3653 383 3681 ¹
399 3657 543 3720 cedwalla]
559 3659 613 3707 'ibe
624 3659 766 3707 remainder
776 3658 806 3707 el
829 3659 988 3721 Malmsbury
998 3661 1049 3709 and
1061 3661 1134 3710 Beda
1144 3664 1152 3690 ⁸
1162 3663 1291 3714 Edelwal·

340 3723 391 3772 this
402 3726 507 3786 chapter
517 3727 539 3774 is
552 3728 676 3788 compiled
686 3727 747 3776 irem
760 3728 802 3775 the
826 3728 919 3777 chius!

339 3792 424 3841 Saron
443 3794 585 3853 Chremem,
609 3797 642 3844 ad
664 3811 722 3845 ann.
742 3800 800 3859 686,
862 3794 978 3846 ⁴Ibidem
999 3798 1097 3863 deleti]
1135 3801 1207 3852 Beda
1226 3803 1289 3853 enlls

339 3865 397 3924 681,
408 3864 457 3910 and
471 3862 552 3926 Beda,
565 3861 646 3929 l2⁰⁷2
656 3880 720 3928 seqq.
826 3865 868 3914 the
880 3867 953 3927 place
973 3868 1031 3915 ‘Ad
1047 3867 1177 3932 lapidem:
1191 3877 1290 3938 eonjee·

372 3959 384 3993 2
395 3964 472 4027 M]
497 3964 539 4014 He
552 3981 607 4015 W
626 3967 734 4028 ΝΜ,
750 3968 800 4015 and
826 3936 899 3984 tured
917 3938 951 3996 by
970 3936 1083 3986 Camden
1102 3944 1129 3988 to
1150 3941 1181 3990 be
1201 3943 1288 3995 Stone-

338 4035 429 4083 twelve
449 4034 533 4084 ethera
550 4036 613 4085 with
634 4037 695 4086 him.
738 4038 799 4087 Sax.
825 4003 966 4122 haffiffi
976 4005 1168 4136 ῗυῒῗὴᾚῗω
1270 4088 1276 4101 ,

336 4102 430 4154 ⁰¹¹¹⁰¹¹·
824 4142 992 4204 berhsabee
1008 4074 1289 4211 arundelli]

371 4204 602 4271 'Allelweldumfl
638 4209 720 4258 called
764 4211 798 4270 by
824 4212 921 4273 bridge.
959 4212 1131 4279 meamea
