<?xml version="1.0" encoding="UTF-8"?>
<!DOCTYPE html PUBLIC "-//W3C//DTD XHTML 1.0 Transitional//EN"
    "http://www.w3.org/TR/xhtml1/DTD/xhtml1-transitional.dtd">
<html xmlns="http://www.w3.org/1999/xhtml" xml:lang="en" lang="en">
 <head>
  <title>
</title>
<meta http-equiv="Content-Type" content="text/html;charset=utf-8" />
  <meta name='ocr-system' content='tesseract 3.04.00' />
  <meta name='ocr-capabilities' content='ocr_page ocr_carea ocr_par ocr_line ocrx_word'/>
</head>
<body>
  <div class='ocr_page' id='page_1' title='image "./rogeridewendove05rogegoog_0476.png"; bbox 0 0 3000 5004; ppageno 0'>
   <div class='ocr_carea' id='block_1_1' title="bbox 384 469 1073 532">
    <p class='ocr_par' dir='ltr' id='par_1_1' title="bbox 384 469 1073 532">
     <span class='ocr_line' id='line_1_1' title="bbox 384 469 1073 532; baseline 0.003 -2"><span class='ocrx_word' id='word_1_1' title='bbox 384 482 523 530; x_wconf 76' lang='lat' dir='ltr'>enonas</span> <span class='ocrx_word' id='word_1_2' title='bbox 548 483 817 532; x_wconf 77' lang='lat' dir='ltr'>rusronmnuu.</span> <span class='ocrx_word' id='word_1_3' title='bbox 1009 469 1073 532; x_wconf 76' lang='lat'>431</span> 
     </span>
    </p>
   </div>
   <div class='ocr_carea' id='block_1_2' title="bbox 124 629 1236 1209">
    <p class='ocr_par' dir='ltr' id='par_1_2' title="bbox 125 629 1236 915">
     <span class='ocr_line' id='line_1_2' title="bbox 125 629 1236 719; baseline -0.005 -15"><span class='ocrx_word' id='word_1_4' title='bbox 125 638 293 704; x_wconf 87' lang='lat' dir='ltr'>Wellensi</span> <span class='ocrx_word' id='word_1_5' title='bbox 311 637 486 719; x_wconf 87' lang='lat' dir='ltr'>episcopo,</span> <span class='ocrx_word' id='word_1_6' title='bbox 501 629 687 701; x_wconf 81' lang='lat' dir='ltr'>¹Alfwinns</span> <span class='ocrx_word' id='word_1_7' title='bbox 703 639 881 702; x_wconf 82' lang='lat' dir='ltr'>successit.</span> <span class='ocrx_word' id='word_1_8' title='bbox 925 632 1073 703; x_wconf 75' lang='lat' dir='ltr'>²Eodem</span> <span class='ocrx_word' id='word_1_9' title='bbox 1087 659 1236 700; x_wconf 68' lang='lat' dir='ltr'>nemetae·</span> 
     </span>
     <span class='ocr_line' id='line_1_3' title="bbox 125 710 1233 818; baseline 0 -17"><span class='ocrx_word' id='word_1_10' title='bbox 125 757 218 802; x_wconf 92' lang='lat' dir='ltr'>anno</span> <span class='ocrx_word' id='word_1_11' title='bbox 234 736 515 818; x_wconf 81' lang='lat' dir='ltr'>septentrionalis</span> <span class='ocrx_word' id='word_1_12' title='bbox 528 735 671 811; x_wconf 87' lang='lat' dir='ltr'>Wallia,</span> <span class='ocrx_word' id='word_1_13' title='bbox 689 736 923 814; x_wconf 83' lang='lat' dir='ltr'>Dorsetensis,</span> <span class='ocrx_word' id='word_1_14' title='bbox 939 737 1074 801; x_wconf 87' lang='lat' dir='ltr'>Cornu·</span> <span class='ocrx_word' id='word_1_15' title='bbox 1085 710 1233 749; x_wconf 57' lang='lat' dir='ltr'>mm</span> 
     </span>
     <span class='ocr_line' id='line_1_4' title="bbox 125 834 1074 915; baseline -0.001 -15"><span class='ocrx_word' id='word_1_16' title='bbox 125 836 265 911; x_wconf 81' lang='lat' dir='ltr'>biensis,</span> <span class='ocrx_word' id='word_1_17' title='bbox 282 834 523 910; x_wconf 82' lang='lat' dir='ltr'>Devonieusie,</span> <span class='ocrx_word' id='word_1_18' title='bbox 538 836 738 915; x_wconf 82' lang='lat' dir='ltr'>provinciae,</span> <span class='ocrx_word' id='word_1_19' title='bbox 755 835 850 898; x_wconf 92' lang='lat' dir='ltr'>nullo</span> <span class='ocrx_word' id='word_1_20' title='bbox 865 837 1037 912; x_wconf 87' lang='lat' dir='ltr'>obstante,</span> <span class='ocrx_word' id='word_1_21' title='bbox 1052 856 1074 899; x_wconf 87' lang='lat' dir='ltr'>a</span> 
     </span>
    </p>

    <p class='ocr_par' dir='ltr' id='par_1_3' title="bbox 124 931 1075 1014">
     <span class='ocr_line' id='line_1_5' title="bbox 124 931 1075 1014; baseline -0.001 -16"><span class='ocrx_word' id='word_1_22' title='bbox 124 935 237 998; x_wconf 85' lang='lat' dir='ltr'>Danis</span> <span class='ocrx_word' id='word_1_23' title='bbox 267 935 349 1014; x_wconf 90' lang='lat' dir='ltr'>igne</span> <span class='ocrx_word' id='word_1_24' title='bbox 376 939 411 995; x_wconf 89' lang='lat' dir='ltr'>et</span> <span class='ocrx_word' id='word_1_25' title='bbox 438 931 528 994; x_wconf 83' lang='lat' dir='ltr'>ferro</span> <span class='ocrx_word' id='word_1_26' title='bbox 558 952 635 994; x_wconf 93' lang='lat' dir='ltr'>cum</span> <span class='ocrx_word' id='word_1_27' title='bbox 662 932 813 996; x_wconf 85' lang='lat' dir='ltr'>caedibus</span> <span class='ocrx_word' id='word_1_28' title='bbox 840 932 1014 997; x_wconf 89' lang='lat' dir='ltr'>hominum</span> <span class='ocrx_word' id='word_1_29' title='bbox 1039 945 1075 998; x_wconf 90' lang='lat' dir='ltr'>et</span> 
     </span>
    </p>

    <p class='ocr_par' dir='ltr' id='par_1_4' title="bbox 124 1030 1074 1115">
     <span class='ocr_line' id='line_1_6' title="bbox 124 1030 1074 1115; baseline 0 -19"><span class='ocrx_word' id='word_1_30' title='bbox 124 1033 253 1114; x_wconf 79' lang='lat' dir='ltr'>rapinis</span> <span class='ocrx_word' id='word_1_31' title='bbox 270 1030 435 1094; x_wconf 82' lang='lat' dir='ltr'>desolatae</span> <span class='ocrx_word' id='word_1_32' title='bbox 453 1038 546 1105; x_wconf 85' lang='lat' dir='ltr'>eunt,</span> <span class='ocrx_word' id='word_1_33' title='bbox 563 1038 598 1093; x_wconf 89' lang='lat' dir='ltr'>et</span> <span class='ocrx_word' id='word_1_34' title='bbox 613 1033 820 1107; x_wconf 88' lang='lat' dir='ltr'>coenobium,</span> <span class='ocrx_word' id='word_1_35' title='bbox 840 1034 932 1115; x_wconf 93' lang='lat' dir='ltr'>quod</span> <span class='ocrx_word' id='word_1_36' title='bbox 948 1033 1074 1096; x_wconf 78' lang='lat' dir='ltr'>Tavia·</span> 
     </span>
    </p>

    <p class='ocr_par' dir='ltr' id='par_1_5' title="bbox 125 1129 812 1209">
     <span class='ocr_line' id='line_1_7' title="bbox 125 1129 812 1209; baseline -0.003 -14"><span class='ocrx_word' id='word_1_37' title='bbox 125 1130 207 1195; x_wconf 88' lang='lat' dir='ltr'>toke</span> <span class='ocrx_word' id='word_1_38' title='bbox 220 1130 357 1205; x_wconf 90' lang='lat' dir='ltr'>dicitur,</span> <span class='ocrx_word' id='word_1_39' title='bbox 372 1137 425 1192; x_wconf 87' lang='lat' dir='ltr'>est</span> <span class='ocrx_word' id='word_1_40' title='bbox 443 1129 581 1209; x_wconf 85' lang='lat' dir='ltr'>ignibus</span> <span class='ocrx_word' id='word_1_41' title='bbox 596 1130 812 1194; x_wconf 88' lang='lat' dir='ltr'>devoratum.</span> 
     </span>
    </p>
   </div>
   <div class='ocr_carea' id='block_1_3' title="bbox 398 1299 787 1385">
    <p class='ocr_par' dir='ltr' id='par_1_6' title="bbox 398 1299 787 1385">
     <span class='ocr_line' id='line_1_8' title="bbox 398 1299 787 1385; baseline 0 -24"><span class='ocrx_word' id='word_1_42' title='bbox 398 1299 448 1364; x_wconf 86' lang='lat' dir='ltr'>De</span> <span class='ocrx_word' id='word_1_43' title='bbox 465 1299 621 1364; x_wconf 80' lang='lat' dir='ltr'>Gerodcrto</span> <span class='ocrx_word' id='word_1_44' title='bbox 636 1309 787 1385; x_wconf 76' lang='lat' dir='ltr'>apostata.</span> 
     </span>
    </p>
   </div>
   <div class='ocr_carea' id='block_1_4' title="bbox 124 1417 1227 3375">
    <p class='ocr_par' dir='ltr' id='par_1_7' title="bbox 124 1417 1227 3375">
     <span class='ocr_line' id='line_1_9' title="bbox 176 1417 1196 1487; baseline -0.002 -1"><span class='ocrx_word' id='word_1_45' title='bbox 176 1422 281 1486; x_wconf 82' lang='lat' dir='ltr'>Anno</span> <span class='ocrx_word' id='word_1_46' title='bbox 297 1422 437 1487; x_wconf 89' lang='lat' dir='ltr'>Domini</span> <span class='ocrx_word' id='word_1_47' title='bbox 456 1440 700 1486; x_wconf 81' lang='lat' dir='ltr'>nccccxcvru.</span> <span class='ocrx_word' id='word_1_48' title='bbox 716 1417 752 1485; x_wconf 71' lang='lat' dir='ltr'>&#39;J</span> <span class='ocrx_word' id='word_1_49' title='bbox 755 1422 909 1486; x_wconf 86' lang='lat' dir='ltr'>ohannes</span> <span class='ocrx_word' id='word_1_50' title='bbox 930 1421 1021 1486; x_wconf 85' lang='lat' dir='ltr'>sedit</span> <span class='ocrx_word' id='word_1_51' title='bbox 1039 1422 1074 1484; x_wconf 95' lang='lat' dir='ltr'>in</span> <span class='ocrx_word' id='word_1_52' title='bbox 1087 1445 1196 1485; x_wconf 65' lang='lat' dir='ltr'>unae.</span> 
     </span>
     <span class='ocr_line' id='line_1_10' title="bbox 125 1496 1207 1586; baseline -0.001 -1"><span class='ocrx_word' id='word_1_53' title='bbox 125 1521 289 1585; x_wconf 82' lang='lat' dir='ltr'>cathedra</span> <span class='ocrx_word' id='word_1_54' title='bbox 304 1521 465 1586; x_wconf 89' lang='lat' dir='ltr'>Romana</span> <span class='ocrx_word' id='word_1_55' title='bbox 486 1523 662 1585; x_wconf 88' lang='lat' dir='ltr'>mensibus</span> <span class='ocrx_word' id='word_1_56' title='bbox 680 1522 809 1585; x_wconf 90' lang='lat' dir='ltr'>decem.</span> <span class='ocrx_word' id='word_1_57' title='bbox 863 1521 991 1585; x_wconf 90' lang='lat' dir='ltr'>Eodem</span> <span class='ocrx_word' id='word_1_58' title='bbox 1015 1540 1074 1583; x_wconf 90' lang='lat' dir='ltr'>an·</span> <span class='ocrx_word' id='word_1_59' title='bbox 1086 1496 1207 1584; x_wconf 57' lang='grc' dir='ltr'>ῦιᾶἶῗῧῗὶαι</span> 
     </span>
     <span class='ocr_line' id='line_1_11' title="bbox 125 1595 1227 1700; baseline -0.001 -18"><span class='ocrx_word' id='word_1_60' title='bbox 125 1639 171 1683; x_wconf 94' lang='lat' dir='ltr'>no</span> <span class='ocrx_word' id='word_1_61' title='bbox 185 1620 351 1684; x_wconf 82' lang='lat' dir='ltr'>successit</span> <span class='ocrx_word' id='word_1_62' title='bbox 364 1621 396 1683; x_wconf 89' lang='lat' dir='ltr'>ei</span> <span class='ocrx_word' id='word_1_63' title='bbox 411 1613 607 1695; x_wconf 82' lang='lat' dir='ltr'>⁴Silvester‚</span> <span class='ocrx_word' id='word_1_64' title='bbox 623 1620 682 1700; x_wconf 91' lang='lat' dir='ltr'>qui</span> <span class='ocrx_word' id='word_1_65' title='bbox 698 1627 733 1682; x_wconf 90' lang='lat' dir='ltr'>et</span> <span class='ocrx_word' id='word_1_66' title='bbox 743 1620 965 1695; x_wconf 88' lang='lat' dir='ltr'>Gerebertus,</span> <span class='ocrx_word' id='word_1_67' title='bbox 975 1620 1075 1682; x_wconf 88' lang='lat' dir='ltr'>annis</span> <span class='ocrx_word' id='word_1_68' title='bbox 1086 1595 1187 1635; x_wconf 50' lang='grc' dir='ltr'>ΒΜ</span> <span class='ocrx_word' id='word_1_69' title='bbox 1197 1595 1227 1634; x_wconf 72' lang='lat'>¹¹·</span> 
     </span>
     <span class='ocr_line' id='line_1_12' title="bbox 124 1712 1074 1800; baseline 0 -20"><span class='ocrx_word' id='word_1_70' title='bbox 124 1727 275 1800; x_wconf 87' lang='lat' dir='ltr'>quatuor</span> <span class='ocrx_word' id='word_1_71' title='bbox 289 1726 324 1781; x_wconf 89' lang='lat' dir='ltr'>et</span> <span class='ocrx_word' id='word_1_72' title='bbox 340 1737 456 1781; x_wconf 87' lang='lat' dir='ltr'>mense</span> <span class='ocrx_word' id='word_1_73' title='bbox 470 1737 550 1781; x_wconf 87' lang='lat' dir='ltr'>uno.</span> <span class='ocrx_word' id='word_1_74' title='bbox 588 1712 681 1781; x_wconf 85' lang='lat' dir='ltr'>⁵Iste</span> <span class='ocrx_word' id='word_1_75' title='bbox 698 1718 908 1782; x_wconf 88' lang='lat' dir='ltr'>Gerebertus</span> <span class='ocrx_word' id='word_1_76' title='bbox 926 1738 970 1781; x_wconf 83' lang='lat' dir='ltr'>ex</span> <span class='ocrx_word' id='word_1_77' title='bbox 987 1717 1074 1781; x_wconf 83' lang='lat' dir='ltr'>Gal-</span> 
     </span>
     <span class='ocr_line' id='line_1_13' title="bbox 126 1816 1075 1898; baseline 0 -18"><span class='ocrx_word' id='word_1_78' title='bbox 126 1817 174 1880; x_wconf 90' lang='lat' dir='ltr'>lia</span> <span class='ocrx_word' id='word_1_79' title='bbox 207 1824 311 1880; x_wconf 86' lang='lat' dir='ltr'>uatus</span> <span class='ocrx_word' id='word_1_80' title='bbox 345 1817 436 1898; x_wconf 88' lang='lat' dir='ltr'>apud</span> <span class='ocrx_word' id='word_1_81' title='bbox 469 1816 665 1880; x_wconf 80' lang='lat' dir='ltr'>Florianum</span> <span class='ocrx_word' id='word_1_82' title='bbox 696 1836 718 1879; x_wconf 85' lang='lat' dir='ltr'>a</span> <span class='ocrx_word' id='word_1_83' title='bbox 747 1836 855 1898; x_wconf 91' lang='lat' dir='ltr'>puero</span> <span class='ocrx_word' id='word_1_84' title='bbox 886 1816 1075 1880; x_wconf 80' lang='lat' dir='ltr'>monachus</span> 
     </span>
     <span class='ocr_line' id='line_1_14' title="bbox 127 1914 1074 1998; baseline 0 -20"><span class='ocrx_word' id='word_1_85' title='bbox 127 1914 292 1992; x_wconf 89' lang='lat' dir='ltr'>adolevit,</span> <span class='ocrx_word' id='word_1_86' title='bbox 315 1917 374 1996; x_wconf 92' lang='lat' dir='ltr'>qui</span> <span class='ocrx_word' id='word_1_87' title='bbox 399 1915 455 1979; x_wconf 89' lang='lat' dir='ltr'>vel</span> <span class='ocrx_word' id='word_1_88' title='bbox 482 1915 585 1978; x_wconf 81' lang='lat' dir='ltr'>taedio</span> <span class='ocrx_word' id='word_1_89' title='bbox 607 1936 669 1978; x_wconf 92' lang='lat' dir='ltr'>seu</span> <span class='ocrx_word' id='word_1_90' title='bbox 696 1916 855 1998; x_wconf 91' lang='lat' dir='ltr'>cupidine</span> <span class='ocrx_word' id='word_1_91' title='bbox 877 1916 1013 1991; x_wconf 91' lang='lat' dir='ltr'>ductus,</span> <span class='ocrx_word' id='word_1_92' title='bbox 1031 1916 1074 1978; x_wconf 94' lang='lat' dir='ltr'>de</span> 
     </span>
     <span class='ocr_line' id='line_1_15' title="bbox 126 2013 1074 2095; baseline 0 -18"><span class='ocrx_word' id='word_1_93' title='bbox 126 2021 227 2077; x_wconf 90' lang='lat' dir='ltr'>nocte</span> <span class='ocrx_word' id='word_1_94' title='bbox 250 2013 386 2095; x_wconf 77' lang='lat' dir='ltr'>fugiens</span> <span class='ocrx_word' id='word_1_95' title='bbox 410 2014 454 2076; x_wconf 89' lang='lat' dir='ltr'>ad</span> <span class='ocrx_word' id='word_1_96' title='bbox 471 2013 692 2095; x_wconf 85' lang='lat' dir='ltr'>Hispaniam,</span> <span class='ocrx_word' id='word_1_97' title='bbox 710 2022 750 2077; x_wconf 92' lang='lat' dir='ltr'>ut</span> <span class='ocrx_word' id='word_1_98' title='bbox 767 2014 990 2095; x_wconf 81' lang='lat' dir='ltr'>astrologiam</span> <span class='ocrx_word' id='word_1_99' title='bbox 1006 2015 1074 2077; x_wconf 91' lang='lat' dir='ltr'>dis-</span> 
     </span>
     <span class='ocr_line' id='line_1_16' title="bbox 126 2113 1073 2195; baseline 0.002 -21"><span class='ocrx_word' id='word_1_100' title='bbox 126 2120 230 2187; x_wconf 89' lang='lat' dir='ltr'>ceret,</span> <span class='ocrx_word' id='word_1_101' title='bbox 247 2113 446 2190; x_wconf 81' lang='lat' dir='ltr'>convaluit3</span> <span class='ocrx_word' id='word_1_102' title='bbox 470 2132 538 2193; x_wconf 92' lang='lat' dir='ltr'>quo</span> <span class='ocrx_word' id='word_1_103' title='bbox 561 2132 638 2175; x_wconf 94' lang='lat' dir='ltr'>cum</span> <span class='ocrx_word' id='word_1_104' title='bbox 662 2114 885 2194; x_wconf 88' lang='lat' dir='ltr'>pervenisset,</span> <span class='ocrx_word' id='word_1_105' title='bbox 898 2113 1019 2195; x_wconf 85' lang='lat' dir='ltr'>junxit</span> <span class='ocrx_word' id='word_1_106' title='bbox 1036 2132 1073 2176; x_wconf 86' lang='lat' dir='ltr'>se</span> 
     </span>
     <span class='ocr_line' id='line_1_17' title="bbox 126 2209 1073 2292; baseline -0.002 -18"><span class='ocrx_word' id='word_1_107' title='bbox 126 2209 336 2274; x_wconf 84' lang='lat' dir='ltr'>Gerebertus</span> <span class='ocrx_word' id='word_1_108' title='bbox 361 2210 497 2274; x_wconf 86' lang='lat' dir='ltr'>cuidam</span> <span class='ocrx_word' id='word_1_109' title='bbox 515 2210 608 2273; x_wconf 92' lang='lat' dir='ltr'>illius</span> <span class='ocrx_word' id='word_1_110' title='bbox 633 2213 718 2274; x_wconf 86' lang='lat' dir='ltr'>artis</span> <span class='ocrx_word' id='word_1_111' title='bbox 742 2212 865 2292; x_wconf 88' lang='lat' dir='ltr'>perito,</span> <span class='ocrx_word' id='word_1_112' title='bbox 886 2211 945 2292; x_wconf 90' lang='lat' dir='ltr'>qui</span> <span class='ocrx_word' id='word_1_113' title='bbox 967 2211 1073 2273; x_wconf 87' lang='lat' dir='ltr'>libros</span> 
     </span>
     <span class='ocr_line' id='line_1_18' title="bbox 126 2308 1076 2391; baseline -0.001 -18"><span class='ocrx_word' id='word_1_114' title='bbox 126 2309 158 2373; x_wconf 92' lang='lat' dir='ltr'>ei</span> <span class='ocrx_word' id='word_1_115' title='bbox 188 2311 438 2374; x_wconf 82' lang='lat' dir='ltr'>astronomicos</span> <span class='ocrx_word' id='word_1_116' title='bbox 466 2310 614 2391; x_wconf 81' lang='lat' dir='ltr'>praebuit</span> <span class='ocrx_word' id='word_1_117' title='bbox 642 2309 938 2372; x_wconf 86' lang='lat' dir='ltr'>adscribendum.</span> <span class='ocrx_word' id='word_1_118' title='bbox 990 2308 1076 2372; x_wconf 85' lang='lat' dir='ltr'>Erat</span> 
     </span>
     <span class='ocr_line' id='line_1_19' title="bbox 126 2408 1076 2472; baseline -0.002 -1"><span class='ocrx_word' id='word_1_119' title='bbox 126 2416 242 2471; x_wconf 80' lang='lat' dir='ltr'>autem</span> <span class='ocrx_word' id='word_1_120' title='bbox 259 2410 349 2472; x_wconf 90' lang='lat' dir='ltr'>inter</span> <span class='ocrx_word' id='word_1_121' title='bbox 364 2415 508 2472; x_wconf 85' lang='lat' dir='ltr'>caeteros</span> <span class='ocrx_word' id='word_1_122' title='bbox 530 2409 641 2472; x_wconf 81' lang='lat' dir='ltr'>codex</span> <span class='ocrx_word' id='word_1_123' title='bbox 659 2428 748 2471; x_wconf 85' lang='lat' dir='ltr'>unus</span> <span class='ocrx_word' id='word_1_124' title='bbox 771 2408 879 2472; x_wconf 87' lang='lat' dir='ltr'>totius</span> <span class='ocrx_word' id='word_1_125' title='bbox 894 2409 979 2470; x_wconf 85' lang='lat' dir='ltr'>artis</span> <span class='ocrx_word' id='word_1_126' title='bbox 994 2426 1076 2471; x_wconf 91' lang='lat' dir='ltr'>con·</span> 
     </span>
     <span class='ocr_line' id='line_1_20' title="bbox 127 2507 1076 2589; baseline -0.003 -18"><span class='ocrx_word' id='word_1_127' title='bbox 127 2507 232 2583; x_wconf 82' lang='lat' dir='ltr'>acina,</span> <span class='ocrx_word' id='word_1_128' title='bbox 254 2527 356 2589; x_wconf 91' lang='lat' dir='ltr'>quem</span> <span class='ocrx_word' id='word_1_129' title='bbox 384 2507 480 2570; x_wconf 91' lang='lat' dir='ltr'>nullo</span> <span class='ocrx_word' id='word_1_130' title='bbox 506 2507 607 2571; x_wconf 94' lang='lat' dir='ltr'>modo</span> <span class='ocrx_word' id='word_1_131' title='bbox 635 2507 758 2570; x_wconf 90' lang='lat' dir='ltr'>elicere</span> <span class='ocrx_word' id='word_1_132' title='bbox 780 2513 917 2588; x_wconf 86' lang='lat' dir='ltr'>poterat</span> <span class='ocrx_word' id='word_1_133' title='bbox 939 2507 981 2569; x_wconf 95' lang='lat' dir='ltr'>de</span> <span class='ocrx_word' id='word_1_134' title='bbox 1003 2525 1076 2569; x_wconf 91' lang='lat' dir='ltr'>ma·</span> 
     </span>
     <span class='ocr_line' id='line_1_21' title="bbox 127 2604 1075 2686; baseline -0.002 -17"><span class='ocrx_word' id='word_1_135' title='bbox 127 2604 229 2669; x_wconf 85' lang='lat' dir='ltr'>nibus</span> <span class='ocrx_word' id='word_1_136' title='bbox 255 2606 434 2686; x_wconf 80' lang='lat' dir='ltr'>magistri3</span> <span class='ocrx_word' id='word_1_137' title='bbox 461 2606 605 2669; x_wconf 84' lang='lat' dir='ltr'>ardebat</span> <span class='ocrx_word' id='word_1_138' title='bbox 629 2614 790 2669; x_wconf 86' lang='lat' dir='ltr'>econtra</span> <span class='ocrx_word' id='word_1_139' title='bbox 804 2606 1013 2669; x_wconf 71' lang='lat' dir='ltr'>Gerebamus</span> <span class='ocrx_word' id='word_1_140' title='bbox 1038 2605 1075 2667; x_wconf 88' lang='lat' dir='ltr'>in</span> 
     </span>
     <span class='ocr_line' id='line_1_22' title="bbox 129 2703 1074 2785; baseline 0 -19"><span class='ocrx_word' id='word_1_141' title='bbox 129 2703 408 2784; x_wconf 87' lang='lat' dir='ltr'>coucupiscentia</span> <span class='ocrx_word' id='word_1_142' title='bbox 430 2704 521 2780; x_wconf 89' lang='lat' dir='ltr'>libri,</span> <span class='ocrx_word' id='word_1_143' title='bbox 545 2704 636 2766; x_wconf 88' lang='lat' dir='ltr'>unde</span> <span class='ocrx_word' id='word_1_144' title='bbox 664 2704 710 2767; x_wconf 91' lang='lat' dir='ltr'>ad</span> <span class='ocrx_word' id='word_1_145' title='bbox 733 2723 852 2785; x_wconf 87' lang='lat' dir='ltr'>preces</span> <span class='ocrx_word' id='word_1_146' title='bbox 876 2723 1074 2779; x_wconf 88' lang='lat' dir='ltr'>conversus,</span> 
     </span>
     <span class='ocr_line' id='line_1_23' title="bbox 130 2801 1075 2884; baseline 0.001 -20"><span class='ocrx_word' id='word_1_147' title='bbox 130 2802 189 2865; x_wconf 92' lang='lat' dir='ltr'>ubi</span> <span class='ocrx_word' id='word_1_148' title='bbox 214 2801 300 2864; x_wconf 93' lang='lat' dir='ltr'>nihil</span> <span class='ocrx_word' id='word_1_149' title='bbox 334 2801 490 2882; x_wconf 83' lang='lat' dir='ltr'>proiecit,</span> <span class='ocrx_word' id='word_1_150' title='bbox 513 2801 656 2866; x_wconf 86' lang='lat' dir='ltr'>donaria</span> <span class='ocrx_word' id='word_1_151' title='bbox 679 2803 789 2865; x_wconf 92' lang='lat' dir='ltr'>multa</span> <span class='ocrx_word' id='word_1_152' title='bbox 813 2802 915 2866; x_wconf 85' lang='lat' dir='ltr'>offert</span> <span class='ocrx_word' id='word_1_153' title='bbox 936 2810 972 2865; x_wconf 89' lang='lat' dir='ltr'>et</span> <span class='ocrx_word' id='word_1_154' title='bbox 997 2803 1075 2884; x_wconf 92' lang='lat' dir='ltr'>plu·</span> 
     </span>
     <span class='ocr_line' id='line_1_24' title="bbox 130 2899 1075 2981; baseline -0.001 -19"><span class='ocrx_word' id='word_1_155' title='bbox 130 2900 217 2962; x_wconf 91' lang='lat' dir='ltr'>rima</span> <span class='ocrx_word' id='word_1_156' title='bbox 231 2899 425 2981; x_wconf 87' lang='lat' dir='ltr'>pollicetur,</span> <span class='ocrx_word' id='word_1_157' title='bbox 440 2900 512 2977; x_wconf 88' lang='lat' dir='ltr'>sed,</span> <span class='ocrx_word' id='word_1_158' title='bbox 529 2900 686 2964; x_wconf 89' lang='lat' dir='ltr'>omnibus</span> <span class='ocrx_word' id='word_1_159' title='bbox 706 2919 728 2963; x_wconf 91' lang='lat' dir='ltr'>a</span> <span class='ocrx_word' id='word_1_160' title='bbox 748 2901 915 2980; x_wconf 88' lang='lat' dir='ltr'>magistro</span> <span class='ocrx_word' id='word_1_161' title='bbox 931 2902 1075 2980; x_wconf 87' lang='lat' dir='ltr'>promis·</span> 
     </span>
     <span class='ocr_line' id='line_1_25' title="bbox 128 2997 1077 3079; baseline 0.001 -19"><span class='ocrx_word' id='word_1_162' title='bbox 128 2997 282 3061; x_wconf 84' lang='lat' dir='ltr'>sionibus</span> <span class='ocrx_word' id='word_1_163' title='bbox 300 2999 518 3079; x_wconf 90' lang='lat' dir='ltr'>contemptis,</span> <span class='ocrx_word' id='word_1_164' title='bbox 538 2998 748 3062; x_wconf 88' lang='lat' dir='ltr'>Gerebertus</span> <span class='ocrx_word' id='word_1_165' title='bbox 772 3006 957 3061; x_wconf 86' lang='lat' dir='ltr'>nocturnas</span> <span class='ocrx_word' id='word_1_166' title='bbox 975 3006 1077 3079; x_wconf 86' lang='lat' dir='ltr'>parat</span> 
     </span>
     <span class='ocr_line' id='line_1_26' title="bbox 127 3095 1076 3177; baseline -0.001 -19"><span class='ocrx_word' id='word_1_167' title='bbox 127 3097 280 3172; x_wconf 86' lang='lat' dir='ltr'>insidias,</span> <span class='ocrx_word' id='word_1_168' title='bbox 298 3105 337 3160; x_wconf 89' lang='lat' dir='ltr'>ut</span> <span class='ocrx_word' id='word_1_169' title='bbox 352 3097 475 3161; x_wconf 87' lang='lat' dir='ltr'>saltem</span> <span class='ocrx_word' id='word_1_170' title='bbox 493 3097 584 3161; x_wconf 89' lang='lat' dir='ltr'>furto</span> <span class='ocrx_word' id='word_1_171' title='bbox 604 3098 756 3160; x_wconf 91' lang='lat' dir='ltr'>codicem</span> <span class='ocrx_word' id='word_1_172' title='bbox 774 3096 948 3177; x_wconf 88' lang='lat' dir='ltr'>surripiat.</span> <span class='ocrx_word' id='word_1_173' title='bbox 1002 3095 1076 3158; x_wconf 87' lang='lat' dir='ltr'>Ita·</span> 
     </span>
     <span class='ocr_line' id='line_1_27' title="bbox 129 3193 1077 3276; baseline 0 -20"><span class='ocrx_word' id='word_1_174' title='bbox 129 3213 198 3275; x_wconf 89' lang='lat' dir='ltr'>que</span> <span class='ocrx_word' id='word_1_175' title='bbox 228 3195 432 3276; x_wconf 84' lang='lat' dir='ltr'>magistrum</span> <span class='ocrx_word' id='word_1_176' title='bbox 471 3196 711 3259; x_wconf 83' lang='lat' dir='ltr'>convivantem</span> <span class='ocrx_word' id='word_1_177' title='bbox 746 3196 851 3258; x_wconf 86' lang='lat' dir='ltr'>etiam</span> <span class='ocrx_word' id='word_1_178' title='bbox 887 3194 958 3256; x_wconf 88' lang='lat' dir='ltr'>tilia</span> <span class='ocrx_word' id='word_1_179' title='bbox 988 3193 1077 3275; x_wconf 85' lang='lat' dir='ltr'>ejus,</span> 
     </span>
     <span class='ocr_line' id='line_1_28' title="bbox 129 3291 1077 3375; baseline -0.002 -19"><span class='ocrx_word' id='word_1_180' title='bbox 129 3311 234 3373; x_wconf 89' lang='lat' dir='ltr'>quam</span> <span class='ocrx_word' id='word_1_181' title='bbox 258 3294 399 3357; x_wconf 87' lang='lat' dir='ltr'>amabat</span> <span class='ocrx_word' id='word_1_182' title='bbox 421 3291 644 3369; x_wconf 84' lang='lat' dir='ltr'>Gerebertus,</span> <span class='ocrx_word' id='word_1_183' title='bbox 667 3301 800 3375; x_wconf 89' lang='lat' dir='ltr'>patrem</span> <span class='ocrx_word' id='word_1_184' title='bbox 823 3294 904 3355; x_wconf 90' lang='lat' dir='ltr'>vino</span> <span class='ocrx_word' id='word_1_185' title='bbox 929 3292 1077 3355; x_wconf 87' lang='lat' dir='ltr'>inebria·</span> 
     </span>
    </p>
   </div>
   <div class='ocr_carea' id='block_1_5' title="bbox 130 3391 1077 3474">
    <p class='ocr_par' dir='ltr' id='par_1_8' title="bbox 130 3391 1077 3474">
     <span class='ocr_line' id='line_1_29' title="bbox 130 3391 1077 3474; baseline -0.002 -19"><span class='ocrx_word' id='word_1_186' title='bbox 130 3399 203 3455; x_wconf 88' lang='lat' dir='ltr'>tum</span> <span class='ocrx_word' id='word_1_187' title='bbox 237 3391 326 3456; x_wconf 90' lang='lat' dir='ltr'>lecto</span> <span class='ocrx_word' id='word_1_188' title='bbox 354 3393 542 3474; x_wconf 90' lang='lat' dir='ltr'>componit,</span> <span class='ocrx_word' id='word_1_189' title='bbox 567 3392 796 3472; x_wconf 86' lang='lat' dir='ltr'>volumenqne</span> <span class='ocrx_word' id='word_1_190' title='bbox 826 3392 891 3454; x_wconf 90' lang='lat' dir='ltr'>sub</span> <span class='ocrx_word' id='word_1_191' title='bbox 916 3391 1077 3455; x_wconf 87' lang='lat' dir='ltr'>cervicali</span> 
     </span>
    </p>
   </div>
   <div class='ocr_carea' id='block_1_6' title="bbox 128 3604 1080 4293">
    <p class='ocr_par' dir='ltr' id='par_1_9' title="bbox 128 3604 1080 4293">
     <span class='ocr_line' id='line_1_30' title="bbox 165 3604 1077 3670; baseline 0.002 -15"><span class='ocrx_word' id='word_1_192' title='bbox 165 3604 329 3670; x_wconf 73' lang='lat' dir='ltr'>¹Alswlnur,]</span> <span class='ocrx_word' id='word_1_193' title='bbox 347 3608 429 3656; x_wconf 81' lang='lat' dir='ltr'>called</span> <span class='ocrx_word' id='word_1_194' title='bbox 447 3609 501 3657; x_wconf 82' lang='lat' dir='ltr'>also</span> <span class='ocrx_word' id='word_1_195' title='bbox 512 3607 591 3656; x_wconf 78' lang='lat' dir='ltr'>Adel·</span> <span class='ocrx_word' id='word_1_196' title='bbox 652 3605 824 3670; x_wconf 78' lang='lat' dir='ltr'>⁴Siloerter‚]</span> <span class='ocrx_word' id='word_1_197' title='bbox 844 3608 887 3656; x_wconf 87' lang='lat' dir='ltr'>the</span> <span class='ocrx_word' id='word_1_198' title='bbox 910 3608 1023 3667; x_wconf 82' lang='lat' dir='ltr'>second3</span> <span class='ocrx_word' id='word_1_199' title='bbox 1046 3609 1077 3657; x_wconf 82' lang='lat' dir='ltr'>hc</span> 
     </span>
     <span class='ocr_line' id='line_1_31' title="bbox 128 3677 1078 3739; baseline 0.002 -14"><span class='ocrx_word' id='word_1_200' title='bbox 128 3691 219 3738; x_wconf 79' lang='lat' dir='ltr'>wynus</span> <span class='ocrx_word' id='word_1_201' title='bbox 241 3677 292 3725; x_wconf 80' lang='lat' dir='ltr'>and</span> <span class='ocrx_word' id='word_1_202' title='bbox 314 3677 450 3739; x_wconf 75' lang='lat' dir='ltr'>Elwinue3</span> <span class='ocrx_word' id='word_1_203' title='bbox 478 3678 510 3727; x_wconf 88' lang='lat' dir='ltr'>be</span> <span class='ocrx_word' id='word_1_204' title='bbox 532 3678 592 3727; x_wconf 88' lang='lat' dir='ltr'>died</span> <span class='ocrx_word' id='word_1_205' title='bbox 617 3693 671 3726; x_wconf 79' lang='lat' dir='ltr'>was</span> <span class='ocrx_word' id='word_1_206' title='bbox 681 3678 855 3727; x_wconf 81' lang='lat' dir='ltr'>raiaedtothe</span> <span class='ocrx_word' id='word_1_207' title='bbox 875 3679 951 3739; x_wconf 85' lang='lat' dir='ltr'>papnl</span> <span class='ocrx_word' id='word_1_208' title='bbox 967 3678 1038 3726; x_wconf 82' lang='lat' dir='ltr'>cheir</span> <span class='ocrx_word' id='word_1_209' title='bbox 1052 3679 1078 3727; x_wconf 85' lang='lat' dir='ltr'>in</span> 
     </span>
     <span class='ocr_line' id='line_1_32' title="bbox 128 3743 1078 3808; baseline 0.002 -14"><span class='ocrx_word' id='word_1_210' title='bbox 128 3746 205 3794; x_wconf 83' lang='lat' dir='ltr'>about</span> <span class='ocrx_word' id='word_1_211' title='bbox 215 3743 258 3792; x_wconf 90' lang='lat' dir='ltr'>the</span> <span class='ocrx_word' id='word_1_212' title='bbox 269 3760 331 3806; x_wconf 77' lang='lat' dir='ltr'>year</span> <span class='ocrx_word' id='word_1_213' title='bbox 342 3750 415 3796; x_wconf 88' lang='lat'>1000.</span> <span class='ocrx_word' id='word_1_214' title='bbox 616 3751 665 3796; x_wconf 89' lang='grc'>999</span> <span class='ocrx_word' id='word_1_215' title='bbox 687 3748 721 3806; x_wconf 83' lang='lat' dir='ltr'>by</span> <span class='ocrx_word' id='word_1_216' title='bbox 743 3747 785 3797; x_wconf 88' lang='lat' dir='ltr'>the</span> <span class='ocrx_word' id='word_1_217' title='bbox 810 3763 924 3808; x_wconf 86' lang='lat' dir='ltr'>emperor</span> <span class='ocrx_word' id='word_1_218' title='bbox 945 3747 1014 3796; x_wconf 88' lang='lat' dir='ltr'>Otho</span> <span class='ocrx_word' id='word_1_219' title='bbox 1036 3747 1078 3796; x_wconf 85' lang='lat' dir='ltr'>the</span> 
     </span>
     <span class='ocr_line' id='line_1_33' title="bbox 164 3811 1078 3879; baseline 0.003 -17"><span class='ocrx_word' id='word_1_220' title='bbox 164 3811 277 3862; x_wconf 78' lang='lat' dir='ltr'>&#39;Eodem</span> <span class='ocrx_word' id='word_1_221' title='bbox 293 3816 378 3878; x_wconf 74' lang='lat' dir='ltr'>rnna]</span> <span class='ocrx_word' id='word_1_222' title='bbox 407 3816 437 3863; x_wconf 94' lang='lat' dir='ltr'>ln</span> <span class='ocrx_word' id='word_1_223' title='bbox 459 3816 500 3864; x_wconf 88' lang='lat' dir='ltr'>the</span> <span class='ocrx_word' id='word_1_224' title='bbox 523 3831 591 3865; x_wconf 69' lang='lat' dir='ltr'>nme</span> <span class='ocrx_word' id='word_1_225' title='bbox 616 3817 1078 3879; x_wconf 82' lang='lat' dir='ltr'>third,whobndbeenhirpnpil,nnd</span> 
     </span>
     <span class='ocr_line' id='line_1_34' title="bbox 130 3882 874 3948; baseline 0.007 -18"><span class='ocrx_word' id='word_1_226' title='bbox 130 3897 191 3942; x_wconf 79' lang='lat' dir='ltr'>year</span> <span class='ocrx_word' id='word_1_227' title='bbox 201 3882 261 3944; x_wconf 82' lang='lat' dir='ltr'>they</span> <span class='ocrx_word' id='word_1_228' title='bbox 272 3884 327 3932; x_wconf 84' lang='lat' dir='ltr'>also</span> <span class='ocrx_word' id='word_1_229' title='bbox 337 3884 390 3932; x_wconf 85' lang='lat' dir='ltr'>laid</span> <span class='ocrx_word' id='word_1_230' title='bbox 399 3889 478 3933; x_wconf 83' lang='lat' dir='ltr'>waste</span> <span class='ocrx_word' id='word_1_231' title='bbox 487 3885 591 3934; x_wconf 85' lang='lat' dir='ltr'>Weced·</span> <span class='ocrx_word' id='word_1_232' title='bbox 615 3886 674 3935; x_wconf 88' lang='lat' dir='ltr'>died</span> <span class='ocrx_word' id='word_1_233' title='bbox 686 3888 712 3935; x_wconf 95' lang='lat' dir='ltr'>in</span> <span class='ocrx_word' id='word_1_234' title='bbox 725 3887 788 3948; x_wconf 85' lang='lat' dir='ltr'>May</span> <span class='ocrx_word' id='word_1_235' title='bbox 801 3891 874 3936; x_wconf 74' lang='lat'>1⁰⁰³.</span> 
     </span>
     <span class='ocr_line' id='line_1_35' title="bbox 130 3953 591 4012; baseline 0.007 -13"><span class='ocrx_word' id='word_1_236' title='bbox 130 3957 195 4012; x_wconf 90' lang='lat' dir='ltr'>port,</span> <span class='ocrx_word' id='word_1_237' title='bbox 215 3967 244 4000; x_wconf 93' lang='lat' dir='ltr'>or</span> <span class='ocrx_word' id='word_1_238' title='bbox 260 3953 386 4012; x_wconf 87' lang='lat' dir='ltr'>Watchet,</span> <span class='ocrx_word' id='word_1_239' title='bbox 411 3953 436 4002; x_wconf 90' lang='lat' dir='ltr'>in</span> <span class='ocrx_word' id='word_1_240' title='bbox 454 3955 591 4002; x_wconf 83' lang='lat' dir='ltr'>Somereet-</span> 
     </span>
     <span class='ocr_line' id='line_1_36' title="bbox 130 4019 1077 4091; baseline 0.005 -24"><span class='ocrx_word' id='word_1_241' title='bbox 130 4021 207 4081; x_wconf 82' lang='lat' dir='ltr'>chire,</span> <span class='ocrx_word' id='word_1_242' title='bbox 218 4022 281 4070; x_wconf 86' lang='lat' dir='ltr'>with</span> <span class='ocrx_word' id='word_1_243' title='bbox 301 4023 345 4071; x_wconf 86' lang='lat' dir='ltr'>lire</span> <span class='ocrx_word' id='word_1_244' title='bbox 362 4023 413 4071; x_wconf 88' lang='lat' dir='ltr'>and</span> <span class='ocrx_word' id='word_1_245' title='bbox 431 4023 473 4072; x_wconf 87' lang='lat' dir='ltr'>the</span> <span class='ocrx_word' id='word_1_246' title='bbox 490 4024 590 4082; x_wconf 81' lang='lat' dir='ltr'>sword3</span> <span class='ocrx_word' id='word_1_247' title='bbox 650 4021 723 4073; x_wconf 70' lang='lat' dir='ltr'>‘Inte</span> <span class='ocrx_word' id='word_1_248' title='bbox 747 4019 929 4091; x_wconf 60' lang='lat' dir='ltr'>Gammae]</span> <span class='ocrx_word' id='word_1_249' title='bbox 957 4025 1011 4072; x_wconf 84' lang='lat' dir='ltr'>The</span> <span class='ocrx_word' id='word_1_250' title='bbox 1033 4039 1077 4072; x_wconf 85' lang='lat' dir='ltr'>ac·</span> 
     </span>
     <span class='ocr_line' id='line_1_37' title="bbox 129 4089 1078 4155; baseline 0.003 -18"><span class='ocrx_word' id='word_1_251' title='bbox 129 4089 190 4138; x_wconf 78' lang='lat' dir='ltr'>Sex.</span> <span class='ocrx_word' id='word_1_252' title='bbox 201 4090 380 4152; x_wconf 83' lang='lat' dir='ltr'>Chron.,Flor.</span> <span class='ocrx_word' id='word_1_253' title='bbox 615 4096 704 4139; x_wconf 80' lang='lat' dir='ltr'>counte</span> <span class='ocrx_word' id='word_1_254' title='bbox 717 4093 847 4155; x_wconf 81' lang='lat' dir='ltr'>following</span> <span class='ocrx_word' id='word_1_255' title='bbox 864 4108 907 4142; x_wconf 90' lang='lat' dir='ltr'>are</span> <span class='ocrx_word' id='word_1_256' title='bbox 924 4093 1000 4140; x_wconf 83' lang='lat' dir='ltr'>taken</span> <span class='ocrx_word' id='word_1_257' title='bbox 1015 4093 1078 4141; x_wconf 84' lang='lat' dir='ltr'>from</span> 
     </span>
     <span class='ocr_line' id='line_1_38' title="bbox 166 4156 1080 4223; baseline 0.002 -17"><span class='ocrx_word' id='word_1_258' title='bbox 166 4156 336 4223; x_wconf 51' lang='lat' dir='ltr'>&#39;dotorum</span> <span class='ocrx_word' id='word_1_259' title='bbox 356 4161 398 4209; x_wconf 89' lang='lat' dir='ltr'>the</span> <span class='ocrx_word' id='word_1_260' title='bbox 420 4160 591 4220; x_wconf 79' lang='lat' dir='ltr'>seventeenth,</span> <span class='ocrx_word' id='word_1_261' title='bbox 616 4160 686 4208; x_wconf 81' lang='lat' dir='ltr'>those</span> <span class='ocrx_word' id='word_1_262' title='bbox 713 4163 834 4211; x_wconf 87' lang='lat' dir='ltr'>recorded</span> <span class='ocrx_word' id='word_1_263' title='bbox 855 4165 889 4222; x_wconf 86' lang='lat' dir='ltr'>by</span> <span class='ocrx_word' id='word_1_264' title='bbox 912 4162 1080 4222; x_wconf 82' lang='lat' dir='ltr'>Malmsbury,</span> 
     </span>
     <span class='ocr_line' id='line_1_39' title="bbox 131 4226 773 4293; baseline 0.006 -18"><span class='ocrx_word' id='word_1_265' title='bbox 131 4228 258 4289; x_wconf 88' lang='lat' dir='ltr'>antipope.</span> <span class='ocrx_word' id='word_1_266' title='bbox 282 4231 330 4279; x_wconf 87' lang='lat' dir='ltr'>See</span> <span class='ocrx_word' id='word_1_267' title='bbox 340 4230 429 4291; x_wconf 82' lang='lat' dir='ltr'>above,</span> <span class='ocrx_word' id='word_1_268' title='bbox 439 4231 473 4279; x_wconf 80' lang='lat' dir='ltr'>ad</span> <span class='ocrx_word' id='word_1_269' title='bbox 484 4234 590 4282; x_wconf 65' lang='lat' dir='ltr'>antibo.</span> <span class='ocrx_word' id='word_1_270' title='bbox 616 4226 628 4293; x_wconf 65' lang='grc' dir='ltr'><strong>ξ</strong></span> <span class='ocrx_word' id='word_1_271' title='bbox 640 4233 696 4287; x_wconf 72' lang='lat' dir='ltr'>lbi,</span> <span class='ocrx_word' id='word_1_272' title='bbox 708 4244 773 4293; x_wconf 68' lang='lat' dir='ltr'>seqq.</span> 
     </span>
    </p>
   </div>
   <div class='ocr_carea' id='block_1_7' title="bbox 0 0 1509 5004">
    <p class='ocr_par' dir='ltr' id='par_1_10' title="bbox 0 0 1509 5004">
     <span class='ocr_line' id='line_1_40' title="bbox 0 0 1509 5004; baseline 0 0"><span class='ocrx_word' id='word_1_273' title='bbox 0 0 1509 5004; x_wconf 95' lang='lat' dir='ltr'> </span> 
     </span>
    </p>
   </div>
  </div>
 </body>
</html>
