3000 5004
610 469 780 518 l‘RBFACB.
1133 462 1169 522 xi

215 635 253 691 ut
276 626 401 690 saltem
425 626 490 690 sibi
512 635 547 690 et
567 627 801 709 quadraginta
825 628 991 692 militibus
1015 629 1088 693 suis
1111 651 1168 695 ue-
1182 648 1300 710 notorior

213 727 365 790 cessario
398 728 660 806 ministrarent;
699 746 790 808 quae,
824 748 902 792 cum
931 729 1167 811 indignatione
1181 698 1295 749 '‘mm‘'

213 828 356 891 verbum
389 846 434 890 ex
464 826 574 909 ipsius
602 847 661 890 ore
688 828 871 908 rapientes,
900 829 1063 893 dixerunt
1088 850 1165 894 eum

213 946 331 990 senem
358 945 446 1003 esse,
470 925 614 990 delirum
639 934 675 990 et
696 927 902 1007 mendicum,
925 948 965 992 ac
992 937 1090 993 tanta
1114 931 1172 994 l'a·¹

213 1026 308 1090 milia
322 1026 516 1108 indignum,
534 1025 594 1089 sed
618 1026 649 1088 si
671 1026 819 1090 voluerit
840 1047 918 1092 cum
939 1047 1008 1092 uno
1029 1037 1164 1094 tantum

211 1126 321 1189 milite
343 1127 472 1207 poterit
494 1123 676 1189 demorari.
735 1124 786 1190 At
808 1146 883 1205 rex,
906 1127 1050 1209 gloriam
1075 1130 1164 1212 pris-

211 1226 294 1289 tinae
324 1225 505 1307 dignitatis
534 1225 576 1288 ad
609 1226 808 1289 memoriam
833 1228 1011 1305 reducens,
1038 1229 1088 1293 ait
1111 1230 1169 1292 in·'

211 1334 267 1390 tra
287 1344 326 1388 se
351 1344 429 1388 eum
456 1324 553 1400 fletu,
571 1324 622 1387 ⁴0
642 1325 827 1401 Cordeilla,
848 1344 953 1407 quam
977 1346 1060 1390 vera
1082 1337 1163 1392 sunt

212 1444 291 1506 quae
315 1424 399 1489 mihi
423 1425 556 1501 dixisti,
580 1432 748 1506 quantum
769 1424 875 1487 babes
899 1431 1034 1488 tantum
1055 1426 1161 1503 vales,

212 1531 247 1587 et
272 1543 338 1605 ego
367 1531 402 1588 te
431 1532 568 1588 tantum
598 1523 718 1605 diligo.
770 1523 863 1587 Dum
894 1523 1011 1601 habui,
1044 1525 1159 1605 valui3

211 1623 313 1687 modo
336 1643 404 1687 non
426 1622 537 1687 habeo
555 1631 590 1687 et
607 1624 685 1687 ideo
706 1642 774 1687 uon
790 1624 900 1687 valeo.
954 1622 1057 1689 Unde
1079 1644 1161 1688 con·

210 1729 292 1799 stat,
315 1723 407 1804 quod
432 1723 513 1787 filiae
539 1744 626 1787 meae
653 1724 891 1805 primogenitae
919 1743 987 1787 non
1018 1744 1072 1788 me
1098 1725 1159 1788 sed

211 1841 305 1885 meas
334 1822 475 1887 divitias
504 1831 540 1887 et
563 1842 702 1886 munera
737 1823 957 1886 dilexerunt!
1009 1824 1056 1887 Et
1085 1824 1159 1887 baec

208 1921 335 2002 saepius
364 1941 427 1986 rex
458 1931 573 1986 mente
604 1922 784 1986 revolvens
812 1922 982 2005 disposuit
1012 1923 1158 2005 probare

209 2020 314 2083 filiam
336 2041 435 2084 snam
458 2019 678 2099 Cordeillam,
705 2021 805 2104 cujus
828 2022 1076 2103 benignitatem
1097 2022 1157 2086 de·

208 2128 400 2200 meruerat3
433 2129 468 2185 et
492 2141 586 2185 mare
613 2141 691 2184 cum
722 2120 942 2184 festinatione
968 2122 1156 2203 ingressus,

208 2219 299 2282 felici
331 2239 434 2283 cursu
464 2221 500 2284 in
527 2222 684 2303 partibus
710 2220 878 2303 applicuit
905 2221 1154 2284 transmarinis

208 2317 362 2382 Veniens
383 2320 501 2402 itaque
517 2318 669 2397 Cariam,
691 2320 749 2382 ubi
771 2319 842 2381 lilia
863 2338 929 2381 sua
944 2320 1155 2397 morabatur,

207 2418 301 2481 misit
324 2419 463 2482 adeam
485 2421 642 2483 nuntium
665 2439 777 2496 suum,
798 2419 856 2500 qui
876 2419 988 2500 ipsum
1008 2417 1052 2481 ad
1076 2427 1154 2481 tan·

207 2524 278 2581 tam
300 2517 504 2600 productum
528 2517 679 2602 inopiam
701 2519 879 2582 indicaret.
926 2517 1006 2596 Quo
1025 2517 1155 2595 audito,

207 2617 393 2695 Cordeilla,
419 2619 462 2684 de
490 2620 599 2702 patris
625 2625 797 2682 commota
821 2618 971 2694 miseria,
993 2618 1156 2699 quaesivit

206 2736 283 2780 cum
312 2717 497 2800 lachrymis
522 2725 609 2801 quot
632 2719 668 2781 in
693 2717 824 2781 familia
849 2716 975 2780 milites
1001 2718 1154 2781 baberet.

208 2816 389 2882 Indicante
421 2827 536 2883 autem
564 2817 697 2894 nuntio,
723 2816 815 2900 quod
844 2836 921 2879 cum
948 2814 1023 2880 solo
1047 2817 1155 2880 milito

207 2924 243 2981 et
264 2936 333 2981 uno
365 2919 536 2999 armigero
568 2917 777 2993 advenisset,
811 2916 977 2998 praecepit
1001 2915 1094 2980 illico
1117 2925 1155 2980 ut

205 3025 338 3097 patrem
372 3036 472 3080 suum
508 3017 553 3080 ad
592 3017 693 3080 aliam
732 3016 934 3098 perduceret
966 3015 1154 3092 civitatem,

206 3115 293 3180 dans
315 3118 438 3180 nuntio
462 3135 584 3180 aurum
608 3124 644 3180 et
670 3124 851 3197 argentum
874 3134 942 3178 non
970 3114 1153 3191 modicum,

205 3223 241 3279 et
252 3217 427 3298 regalibus
443 3216 600 3280 indutum
617 3216 828 3279 ornamentis
844 3214 1040 3278 honoraret.
1071 3211 1094 3274 J
1099 3231 1155 3274 us-

206 3316 252 3378 ait
267 3317 382 3393 etiarn,
398 3323 438 3379 ut
450 3323 549 3398 pater
565 3315 797 3397 quadraginta
812 3312 937 3375 milites
953 3330 1030 3374 cum
1047 3310 1153 3373 nobili

205 3424 375 3497 apparatu
392 3416 566 3492 retineret,
582 3422 618 3478 et
633 3415 683 3477 sic
703 3414 776 3493 regi
802 3412 1013 3473 Francorum
1037 3427 1075 3472 se
1092 3409 1153 3471 ad·

205 3516 341 3580 venisse
368 3516 555 3579 nuntiaret.
608 3513 761 3577 Veniens
786 3511 866 3574 Leir
893 3528 954 3572 rex
980 3509 1014 3571 in
1044 3507 1155 3571 forma

206 3615 373 3696 praedicta
390 3615 434 3678 ad
455 3633 569 3696 regem
592 3611 759 3676 indicavit
774 3612 805 3675 ei
823 3618 858 3673 et
878 3609 957 3672 liliae
980 3627 1064 3684 suae,
1084 3627 1153 3690 quo

205 3715 323 3778 ordine
348 3734 370 3777 a
392 3715 578 3778 Britannia
599 3714 711 3776 suerat
733 3731 794 3793 per
817 3727 962 3791 generos
985 3728 1068 3771 suos
1091 3728 1152 3771 ex-

204 3815 335 3895 pulsus,
352 3822 387 3877 et
405 3814 449 3877 ad
466 3814 560 3895 ipsos
583 3814 627 3875 ob
645 3812 709 3875 hoc
728 3831 765 3874 se
784 3810 918 3875 venisse
936 3816 1094 3884 testatur,
1115 3816 1154 3871 ut

204 3933 322 3977 eorum
341 3913 473 3977 auxilio
490 3932 635 3994 reguum
653 3918 870 3992 recuperaret
886 3908 1062 3972 amissum.
1103 3905 1154 3971 At

203 4013 254 4076 illi
275 4032 392 4095 regem
414 4013 600 4076 honorifice
622 4011 849 4092 suscipientes
872 4008 1039 4070 miserunt
1060 4006 1154 4087 lega-

203 4120 258 4175 tos
282 4114 318 4175 in
343 4133 460 4177 omnes
478 4112 605 4175 Galliae
627 4111 725 4186 fines,
748 4118 787 4172 ut
802 4107 953 4171 universi
971 4105 1098 4169 milites
1118 4112 1154 4167 et

201 4213 404 4291 servientes,
429 4214 488 4295 qui
512 4231 609 4276 arma
632 4229 770 4274 movere
790 4215 945 4290 possent,
968 4224 1045 4269 eum
1069 4203 1153 4287 ipsis
