3000 5004
462 435 599 482 rnonns
624 435 892 483 ursroumnuu.
1091 420 1156 484 257

203 590 286 654 licet
302 609 378 655 sors
395 598 530 656 tantum
543 594 691 657 contulit
704 602 806 658 extra
820 594 940 658 domos
956 594 991 657 in
1004 594 1155 676 pascuis,

203 697 241 754 ut
260 691 405 772 triginta
418 702 660 774 argenteorum
672 694 821 774 pretium
833 685 937 783 [non]
952 694 1154 771 excederet;

203 797 239 853 et
254 789 319 853 hoc
337 791 399 853 tali
414 790 577 873 largitate
594 793 755 867 obtinuit,
773 802 812 856 ut
829 792 871 855 de
889 813 998 874 regno
1015 792 1155 875 Angliae

203 889 331 966 nullus,
349 890 486 972 publice
504 892 688 973 poenitenS,
711 912 774 973 pro
792 894 997 955 executione
1017 894 1083 955 sibi
1102 892 1155 955 in-

197 988 331 1071 junctae
358 990 571 1071 poenitentiae
601 991 733 1055 subiret
763 991 918 1054 exilium.
972 990 1156 1055 Celebrata

201 1087 310 1168 igitur
339 1088 527 1152 donatione
557 1090 735 1172 praedicta,
763 1097 799 1153 et
826 1098 989 1171 suscepta
1021 1090 1155 1153 confes·

202 1187 299 1250 sione
324 1206 346 1249 a
372 1188 466 1270 papa
496 1196 532 1252 et
562 1197 781 1272 peccatorum
810 1189 1022 1264 remissione,
1050 1189 1153 1252 simul

202 1305 281 1349 cum
307 1288 432 1349 summi
461 1288 633 1370 pontilicis
656 1289 907 1364 benedictione,
938 1288 982 1352 ad
1012 1288 1154 1371 propria

202 1405 265 1448 rex
281 1386 487 1468 magnificus
502 1388 681 1452 remeavit

206 1479 380 1549 Tunc¹
389 1495 603 1568 congregato
631 1487 723 1570 apud
749 1486 988 1551 Verulamium
1019 1486 1154 1568 episco·
1166 1514 1287 1554 muscum

201 1604 323 1667 porum
350 1593 385 1649 et
407 1586 612 1667 optimatum
641 1606 780 1651 suornm
813 1587 971 1661 concilio,
999 1587 1153 1650 unanimi
1167 1565 1268 1605 vm

201 1685 354 1748 omnium
386 1704 555 1749 consensu
594 1692 629 1749 et
662 1687 844 1751 voluntate
876 1688 980 1749 beato
1014 1685 1153 1750 Albano

202 1784 336 1866 amplas
355 1784 503 1849 contulit
530 1793 640 1849 terras
666 1793 701 1849 ct
719 1780 730 1816 ²
737 1786 972 1868 possessiones
996 1785 1154 1850 innume-

124 1878 128 1889 '
203 1902 272 1958 ras,
290 1901 378 1966 quas
398 1885 580 1966 multiplici
607 1886 805 1949 libertatum
830 1885 1013 1967 privilegio
1045 1886 1155 1966 insig-

203 1981 302 2046 nivit.
355 1982 607 2047 Monacborum
631 2004 714 2048 vero
740 1994 947 2049 conventum
972 2004 1016 2048 ex
1045 1984 1154 2048 domi-

201 2083 267 2145 bus
294 2083 382 2145 bene
413 2082 584 2164 religiosis
620 2084 664 2147 ad
691 2085 845 2147 tumbam
877 2084 1039 2166 martyris
1070 2103 1153 2147 con·

203 2183 376 2264 gregavit
394 2190 429 2246 et
459 2183 619 2253 abbatem
657 2184 707 2247 eis
736 2183 874 2247 nomine
901 2176 1154 2264 ³Willegodum

203 2280 371 2364 praefecit,
397 2282 453 2346 eui
479 2303 558 2347 cum
589 2285 666 2366 ipso
698 2283 909 2348 monasterio
935 2283 1052 2346 omnia
1071 2282 1155 2365 jura

203 2382 337 2464 regalia
358 2384 539 2447 concessit.
592 2382 847 2448 Dominabatur
867 2381 947 2445 Offa
968 2402 1031 2445 rex
1056 2401 1155 2464 mag·

204 2501 270 2545 nus
287 2482 323 2545 in
337 2481 460 2563 viginti
478 2484 588 2546 tribus
602 2483 801 2566 provinciis,
816 2501 903 2564 quas
921 2479 1028 2563 Angli
1045 2481 1156 2545 ‘schi-

205 2580 283 2644 ras’
313 2581 503 2664 appellant,
534 2583 568 2646 id
602 2590 668 2659 est,
701 2583 736 2645 in
769 2580 1030 2658 Heresordensi,
1057 2580 1157 2664 cujus

204 2680 388 2762 episcopus
411 2680 527 2744 sedem
556 2682 660 2745 habet
680 2682 715 2744 in
738 2682 858 2744 eadem
887 2682 991 2760 urbe3
1018 2683 1054 2744 in
1076 2700 1157 2762 pro·

204 2780 329 2843 vinciis
347 2779 583 2862 wigorniensi
606 2790 640 2845 et
657 2779 899 2857 Glovernensi,
916 2799 1061 2862 quarum
1085 2780 1158 2862 epi·

205 2899 333 2961 scopus
356 2879 470 2960 sedem
498 2880 602 2944 habet
627 2882 663 2944 in
690 2879 900 2961 Wigornia;
929 2880 964 2942 in
988 2878 1158 2942 Warewi·

206 2979 313 3055 censi,
334 2978 523 3056 cestrensi,
549 2978 777 3056 Stafordensi,
803 2978 1098 3043 Scrobesberiensi
1123 2985 1159 3041 et

207 3078 423 3155 Derebionsi,
450 3098 595 3160 quarum
627 3080 810 3162 episcopus
841 3079 956 3143 sedern
988 3077 1091 3140 babet
1122 3077 1158 3139 in

244 3320 251 3350 ¹
273 3325 427 3386 Congregato
448 3325 513 3388 opud
537 3324 669 3374 Verolumi·
695 3327 765 3385 patet
776 3323 819 3371 via
830 3323 862 3371 ab
875 3322 991 3382 aquilone
1000 3321 1159 3373 venientibus

207 3393 270 3457 rum]
282 3393 407 3456 &mpure
415 3393 458 3442 tbe
465 3398 573 3442 account
581 3393 610 3442 of
617 3392 669 3442 thie
695 3398 721 3441 et
731 3393 764 3441 ab
775 3397 862 3440 auatm
873 3391 1038 3440 redeuntibus
1049 3406 1160 3441 commu·

207 3463 298 3526 synod,
308 3463 371 3512 from
382 3462 425 3512 the
436 3463 494 3513 MS.
504 3462 550 3511 lite
562 3463 591 3512 oi
601 3460 671 3524 olla,
695 3464 735 3511 nio
763 3467 788 3510 et
816 3467 896 3510 atrata
924 3459 1059 3522 generalia,
1091 3463 1161 3512 dicta

206 3535 233 3582 in
245 3533 375 3596 Spelman,
386 3533 483 3583 Concil.
496 3548 522 3594 p.
535 3536 593 3582 alt.
696 3530 932 3593 ‘watlingstreet'
947 3536 973 3579 et
991 3531 1061 3591 pium
1080 3533 1103 3580 ei
1122 3534 1160 3581 vi-

241 3600 252 3631 ⁸
263 3603 430 3652 Poaseaaioaee
449 3593 612 3669 inuenerem]
639 3601 671 3649 In
696 3602 813 3660 debatur,
824 3605 853 3649 ut
863 3615 950 3649 omnes
958 3601 1103 3650 itinerantes
1114 3602 1162 3650 ibi-

206 3673 303 3735 aiming
320 3678 346 3722 to
360 3674 392 3721 be
407 3686 437 3722 aa
450 3673 550 3722 concise
567 3672 597 3721 al
612 3686 672 3733 pos·
697 3671 755 3720 dam
773 3672 843 3732 pium
863 3685 896 3719 ex
916 3671 970 3719 ruia
994 3670 1161 3733 eleemosynis

206 3742 429 3805 aible,Wendover
438 3742 486 3792 baa
497 3742 557 3791 bere
568 3741 671 3790 omitted
697 3742 853 3790 domicilium
863 3741 1011 3802 invenirent,
1020 3742 1103 3790 locum
1114 3742 1163 3804 igi·

207 3812 250 3863 tbe
262 3813 376 3874 maduca,
388 3812 476 3874 highly
485 3806 673 3861 honourableto
698 3817 740 3860 tnr
757 3815 920 3859 memoratum
939 3811 1056 3861 coenobio
1075 3812 1163 3862 addic-

206 3881 318 3943 bimsels,
335 3882 370 3943 by
382 3882 466 3932 wbieb
483 3882 543 3931 uffa
560 3884 615 3929 war
630 3880 672 3929 led
698 3886 761 3942 tum,
771 3881 916 3929 libertatum
931 3881 1067 3941 multiplici
1084 3883 1162 3944 inalg.

207 3957 233 4001 to
252 3952 339 4001 enricb
356 3951 397 4001 bis
414 3967 472 4001 new
489 3952 590 4011 abbey;
608 3950 674 4000 alter
698 3952 762 4000 nirit
773 3949 924 4012 privilegio!

208 4022 251 4071 the
262 4021 334 4070 word
345 4021 521 4071 ‘innumeras'
533 4020 576 4068 the
587 4032 674 4069 narra·
733 4018 744 4050 ⁸
757 4019 939 4081 Willegodum]
954 4019 995 4068 He
1003 4019 1063 4067 died
1071 4019 1163 4068 mtto.

207 4093 259 4141 tire
281 4092 305 4140 ia
326 4091 472 4153 continued,
494 4090 674 4140 ‘considerans
700 4089 849 4150 Hialiie,by
857 4089 932 4137 Mna.
942 4089 1026 4147 Paria,
1034 4089 1056 4136 ie
1064 4089 1163 4150 printed

208 4160 278 4224 quod
297 4161 390 4210 ibidem
415 4160 620 4221 eleemosynariis
638 4160 675 4207 ri·
700 4160 821 4221 byWats,
829 4164 856 4206 at
867 4158 908 4207 the
916 4159 963 4208 end
972 4158 1000 4207 oi
1009 4158 1050 4207 the
1059 4159 1165 4220 history,

209 4235 281 4295 geret
294 4230 463 4294 hospitalitas.
500 4229 568 4279 Nam
581 4229 674 4278 ibidem
700 4244 727 4290 p.
740 4232 780 4277 35.

262 4322 342 4370 VOb.
360 4322 383 4371 1.
995 4319 1013 4363 S
