2932 4980
176 2863 232 2902 Α.1).
241 2863 285 2901 657.

176 2912 245 2951 Death
253 2913 278 2951 oi

178 2963 253 3003 Peroe

335 482 400 547 154
593 493 728 543 aocmu
752 492 799 540 ns
822 492 1029 542 wnnoovnn

335 652 615 733 continuatisque
653 649 930 714 successionibus
965 648 1107 713 tandem
1145 597 1300 731 regm

335 751 489 836 ejusdem
518 749 697 814 Ethelheri
722 749 803 813 filiis
827 747 1009 814 Eadwolso
1031 755 1069 814 et
1095 748 1300 814 Eadwaldo

335 853 502 936 pervenit.

493 1024 544 1088 Do
552 1022 671 1108 primu
682 1021 831 1109 episcopis
845 1019 1120 1107 lichfeldontihus.

373 1148 477 1213 Anno
492 1148 615 1232 gratiae
629 1147 901 1212 nouv1.0swius
912 1166 977 1212 rex
987 1148 1134 1212 donavit
1145 1146 1295 1226 Perde,

336 1250 408 1313 filio
423 1248 565 1326 Pendae,
576 1268 618 1311 eo
633 1248 726 1330 quod
740 1241 922 1330 ¹cognatus
933 1247 1009 1331 ejus
1021 1254 1128 1326 esset,
1140 1268 1294 1331 regnum

337 1349 541 1413 australium
574 1348 795 1424 Marciorum,
823 1347 885 1429 qui
911 1346 1018 1411 fluvio
1042 1346 1175 1412 Trente
1209 1356 1295 1414 suut

336 1449 475 1513 discreti
484 1450 529 1513 ah
541 1447 798 1531 aquilonalibus
813 1446 966 1523 Merena,
979 1447 1023 1510 de
1037 1465 1077 1510 se
1088 1447 1291 1511 tenendum.

337 1548 408 1628 Qui
424 1549 571 1632 primum
588 1547 709 1611 habuit
723 1547 923 1629 episcopum
940 1547 976 1609 in
995 1547 1178 1630 provincia
1193 1546 1292 1612 Mer-

335 1648 480 1723 ciorum,
497 1647 650 1711 simulet
667 1645 942 1710 Lindisfarorum
959 1665 1000 1710 ac
1017 1646 1293 1712 mediterraneo·

336 1767 411 1810 rum
421 1746 629 1828 Anglornm‚
646 1746 784 1810 nomine
795 1739 950 1810 'Diuma
987 1745 1060 1810 Hic
1074 1745 1167 1829 apud
1178 1748 1292 1812 medi·

336 1854 515 1911 terraneos
524 1845 661 1928 Anglos
672 1840 869 1909 ³defunctus
885 1864 927 1910 ac
941 1845 1099 1929 sepultus
1111 1854 1179 1911 est.
1227 1847 1290 1912 Se·

335 1947 469 2011 cundus
494 1946 650 2031 ejusdcm
680 1945 868 2029 provinciae
896 1947 1079 2029 episcopus
1100 1944 1290 2012 Coellacus

336 2048 414 2123 snit,
428 2046 500 2129 qui,
519 2047 640 2110 relicto
662 2045 882 2128 episcopatus
903 2044 1028 2124 officio,
1043 2038 1106 2111 *ed
1132 2046 1289 2112 Scotiam

337 2147 449 2210 rediit.
499 2145 641 2210 Tertius
655 2144 839 2209 Tunherus
864 2146 984 2211 extitit
996 2145 1039 2209 de
1055 2146 1200 2211 natione
1214 2144 1291 2212 An·

336 2246 484 2328 giorum,
498 2246 559 2309 sed
587 2265 609 2309 a
631 2243 745 2309 Scotis
761 2244 884 2309 doctus
905 2251 941 2309 et
961 2244 1155 2323 ordinatus,
1180 2248 1290 2311 abhas

336 2354 412 2409 erat
428 2347 464 2408 in
481 2346 703 2421 monasterio,
720 2345 813 2427 quod
838 2344 967 2409 dicitur
982 2338 1012 2379 ⁶‘
1024 2344 1289 2431 Ingetlingum,’

336 2445 396 2508 uhi
411 2445 574 2508 Oswinus
591 2464 653 2508 rex
667 2451 703 2509 et
717 2452 850 2528 martyr
863 2445 1000 2509 occisus
1015 2451 1081 2510 est.

408 2618 457 2680 De
471 2625 565 2681 roomo
580 2615 696 2679 Peodae
711 2615 791 2700 regis
805 2617 1009 2695 Marciorum,
1023 2614 1075 2682 cui
1088 2620 1233 2685 uocatu

630 2715 794 2799 Wifherrn
801 2717 912 2801 frater
925 2716 1001 2800 mm.

389 2837 493 2903 Anno
525 2841 649 2920 gratiae
681 2857 816 2905 neuun.
854 2841 984 2918 Peada,
1020 2840 1113 2905 fihus
1146 2842 1291 2921 Pendae,

338 2940 484 3003 multum
501 2939 632 3003 nefarie
648 2947 847 3021 peremptus
871 2949 937 3018 est,
953 2939 1161 3024 proditione,
1183 2950 1225 3007 ut
1239 2943 1291 3007 di·

337 3049 432 3117 cunt,
447 3033 586 3103 ⁶uxoris
601 3058 687 3116 suae,
698 3039 735 3101 in
745 3040 823 3122 ipso
840 3048 994 3124 tempore
1008 3041 1089 3105 festi
1102 3042 1290 3124 paschalis.

338 3140 404 3205 Cui
427 3140 595 3204 successit
619 3138 726 3202 frater
751 3139 827 3222 ejus
846 3140 1031 3205 Wlfherus
1055 3142 1289 3224 septendecim

337 3241 437 3303 annis
454 3240 565 3303 haeres
583 3246 737 3321 paternae
747 3239 895 3304 virtutis.
943 3240 1014 3320 Qui
1029 3231 1168 3304 'statim
1182 3242 1290 3306 subli-

337 3348 452 3404 matus
475 3340 510 3403 in
531 3358 649 3421 regem
675 3338 841 3403 adversus
866 3360 983 3423 regem
1001 3339 1159 3404 Oswium
1182 3342 1292 3407 rebel-

372 3587 540 3654 wegonem]
558 3592 649 3640 Penda
668 3590 719 3639 hed
736 3605 802 3638 mar-
860 3589 930 3642 ⁴Ad
947 3593 1084 3657 Sentium]
1100 3593 1163 3644 ‘Ad
1181 3595 1291 3647 huin

336 3661 390 3708 ried
407 3661 532 3722 Monada,
551 3662 652 3710 natural
674 3660 802 3723 daughter
825 3663 892 3712 Hii!
926 3661 1085 3729 Bruttis.

335 3729 365 3778 oi
372 3730 475 3779 Oswih.
859 3746 871 3776 ι
882 3749 1074 3814 memma...]
1091 3749 1141 3801 see
1159 3752 1252 3817 tm,
1264 3766 1291 3815 p·

370 3828 507 3894 tntum]
525 3830 616 3881 called
631 3833 685 3882 ano
696 3833 799 3881 omna„
826 3823 882 3881 1⁴⁵,
893 3823 948 3868 note
959 3816 978 3870 ³·

337 3902 412 3963 Upon
431 3900 473 3949 the
484 3916 545 3963 very
556 3904 685 3952 uncertain
697 3903 801 3952 chrono-
858 3905 1050 3976 mmm]
1056 3911 1186 3975 flcfledg,
1191 3913 1294 3978 dagh.

335 3972 405 4033 logy‚
424 3971 466 4020 the
489 3972 598 4022 ‘crassae
622 3973 751 4034 tenehrae,’
774 3973 804 4021 os
823 3980 1010 4043 mosomo,
1021 3982 1111 4045 above,
1122 3988 1180 4033 me
1192 3981 1211 4035 ¹,

335 4044 405 4092 these
413 4041 574 4104 hishops,see
583 4044 798 4106 wharton,nng1.
858 4071 869 4109 7
894 4075 989 4125 smum
1013 4072 1191 4146 amm]
1222 4078 1295 4127 Μ,

334 4114 616 4176 ⁵³⁰¹·¹·1'·⁴²³›⁸‘⁹⁹·
823 4145 896 4193 ram
916 4145 958 4194 tre
976 4145 1098 4195 rebeum
1114 4145 1144 4195 ot
1158 4148 1293 4198 wmnea

369 4212 551 4278 metuamus]
578 4215 650 4263 Beda
669 4215 732 4263 calls
755 4215 797 4262 the
823 4214 893 4264 three
913 4230 988 4276 years
1009 4215 1075 4267 aner
1096 4216 1141 4267 the
1161 4218 1243 4269 death
1266 4216 1296 4269 of

334 4301 406 4335 name
418 4285 447 4334 oi
455 4286 497 4334 the
509 4286 582 4348 place
592 4284 780 4348 infeppingum.
824 4285 922 4335 Peuda.
