3000 5004
391 438 529 486 anonas
554 438 823 488 ursromnauu.
1040 424 1084 488 79

130 595 352 660 Justinianus
383 603 419 658 et
451 594 648 674 Theodora,
682 598 742 660 sed
776 597 1017 662 Diocletianus
1050 608 1085 661 et

132 694 355 759 Eleutheria.'

175 792 280 858 Anno
294 795 417 875 gratiae
436 810 524 871 ouri,
535 788 627 877 ¹post
638 793 821 876 Vigilium,
836 789 1014 878 ²Pelagius
1030 816 1084 859 se·
1097 814 1150 852 lu.
1160 814 1205 850 ⁵⁵²-

132 895 184 957 dit
204 895 240 957 iu
256 893 422 958 cathedra
439 893 600 958 Romana
617 894 717 957 anuis
732 901 894 977 quatuor,
909 896 1084 959 mensibus
1095 864 1195 964 &3⁵⁰⁸

132 993 262 1071 decem,
279 994 400 1057 diebus
415 994 617 1070 octodecim,
632 994 850 1074 cessavitque
867 996 967 1058 sedes
988 1015 1084 1058 men·

134 1094 228 1156 sibus
256 1113 333 1157 sex.
386 1092 517 1156 Eodem
551 1113 642 1157 anno
672 1113 757 1176 puer
782 1094 922 1174 quidam
953 1096 988 1156 iu
1016 1095 1190 1158 ori-unna.

135 1202 225 1270 ente,
241 1193 333 1255 filius
351 1192 567 1270 ludaeorum,
584 1213 662 1256 cum
677 1212 699 1254 a
713 1193 840 1257 coaevis
862 1194 947 1269 suis,
967 1192 1084 1256 Chris·

135 1293 305 1357 tianorum
322 1291 413 1368 filiis,
428 1291 473 1354 ad
496 1291 560 1356 hoc
582 1292 744 1356 inductus
768 1292 901 1369 fuisset,
917 1293 1006 1356 utin
1029 1311 1085 1355 ec·
1184 1300 1191 1313 ‘

135 1391 242 1456 clesia
268 1391 390 1455 matris
414 1391 556 1455 Domini
577 1410 703 1473 corpus
728 1391 858 1455 Christi
884 1399 920 1455 ot
942 1392 1086 1474 sangui·

136 1511 213 1555 nem
236 1492 441 1573 susciperet,
469 1497 504 1554 et
527 1501 669 1574 propter
694 1490 759 1555 hoc
786 1509 807 1554 a
832 1500 931 1572 patre
964 1512 1028 1554 suo
1050 1492 1086 1554 in

135 1590 311 1655 fornacem
347 1591 525 1654 ardentem
557 1591 748 1675 projectus,
786 1591 917 1654 illaesus
954 1592 1034 1654 iude
1066 1610 1087 1653 a

136 1690 342 1755 Christianis
365 1697 545 1771 extractus
568 1697 633 1766 est,
656 1710 813 1754 asserens
836 1690 927 1772 quod
952 1691 1087 1767 mulier,

135 1811 213 1874 quae
237 1792 272 1853 iu
293 1789 354 1852 illa
370 1790 517 1853 ecclesia
533 1810 677 1872 puerum
699 1798 820 1854 teneus
837 1791 975 1873 depicta
1001 1798 1088 1867 erat,

134 1890 241 1973 pallio
259 1909 322 1953 suo
339 1888 496 1961 flammas
514 1908 535 1953 a
549 1909 587 1952 sc
601 1889 800 1953 efflavisset.

455 2064 504 2126 De
517 2073 620 2127 soaeto
635 2065 763 2128 Moero.

186 2186 291 2252 Auno
307 2188 430 2269 gratiae
449 2205 549 2251 nuru.
566 2183 725 2253 ³sanctus
742 2188 1004 2264 MauruS,beati
1019 2189 1148 2252 Bet-11
1166 2206 1210 2242 ⁵⁵³-

137 2287 265 2351 nedicti
291 2288 493 2371 discipulus,
517 2290 704 2353 virtutihus
735 2295 770 2352 et
797 2288 972 2351 miraculis
1001 2254 1226 2371 prae-amu*

137 2387 252 2451 clarus
278 2387 435 2452 hahetur.
491 2388 601 2472 Cujus
631 2388 818 2453 adveutum
844 2408 921 2451 cum
948 2389 1003 2451 vir
1026 2409 1088 2452 no·

135 2486 226 2564 bilis,
242 2488 378 2551 nomine
394 2488 531 2565 FloruS,
545 2489 589 2552 ad
607 2497 724 2571 partes
739 2486 943 2552 Gallicanas
960 2508 1088 2570 cogno·

136 2588 257 2665 visset,
273 2587 369 2650 venit
383 2588 426 2650 ad
444 2608 534 2666 eum,
550 2596 586 2652 et
608 2588 723 2652 locum
737 2589 769 2652 ei
786 2596 1019 2670 opportunum
1043 2588 1087 2653 ad

138 2687 404 2750 construendum
443 2689 690 2752 monasterium
729 2688 875 2752 devotus
908 2689 1086 2768 ostendit;

138 2786 230 2868 quod
246 2787 300 2850 vir
322 2787 389 2850 Dei
407 2807 485 2851 cum
503 2788 562 2851 vix
583 2789 775 2861 annuisset,
792 2788 982 2851 artificibus
1005 2808 1087 2851 con-

137 2887 303 2967 gregatis,
329 2905 416 2968 opus
441 2888 572 2969 incepit
593 2894 628 2950 et
649 2887 803 2970 perfecit.
858 2886 983 2950 Florus
1005 2907 1087 2950 vero

137 2985 245 3048 tilium
269 3005 370 3049 suum
387 2986 616 3069 Bertulphum
640 2988 744 3050 heato
760 2985 887 3049 Mauro
909 2986 953 3048 ad
976 2986 1088 3049 erudi·

137 3085 262 3148 endum
288 3085 444 3162 tradidit,
476 3086 576 3169 cujus
601 3085 797 3168 exemplum
826 3085 959 3149 nobiles
989 3085 1088 3150 multi

135 3185 258 3262 secuti,
273 3184 386 3249 locum
403 3186 500 3248 illum
513 3186 769 3250 memorabilem
784 3185 1017 3249 reddiderunt.

238 3357 327 3421 Noto
341 3358 539 3443 asperitatem
554 3359 680 3442 hyemis,
695 3380 760 3444 qua
775 3379 845 3420 anes
858 3357 1000 3420 edomuit.

188 3480 293 3546 Anno
315 3485 439 3564 gratiae
465 3500 563 3547 univ,
588 3483 708 3569 hyems
735 3482 814 3545 nive
841 3491 876 3545 et
901 3481 1013 3562 glacie
1039 3482 1211 3544 itanum

1102 3546 1178 3584 Severe

138 3596 379 3664 exasperatur,
394 3591 433 3647 ut
448 3602 530 3647 aves
549 3591 584 3646 et
601 3582 682 3648 serae
699 3582 876 3647 indomitae
892 3600 997 3645 manu
1011 3600 1088 3663 capr
1103 3595 1183 3634 unter-

138 3689 289 3762 possent.

174 3855 260 3908 ¹Paet
275 3859 418 3924 Vigilium]
443 3861 476 3909 So
488 3860 601 3909 Hermon
626 3865 683 3910 too.
717 3861 772 3909 The
784 3858 978 3910 miraclewhich
990 3856 1089 3906 follows

138 3928 188 3977 aad
200 3929 325 3991 sigebert,
335 3931 391 3991 but,
401 3945 430 3979 us
448 3931 468 3979 it
485 3945 602 3991 appears,
626 3931 722 3980 istrum
734 3931 858 3993 sigebert.

138 3999 310 4060 erroneously.
347 3999 389 4048 He
408 3999 467 4049 died
485 4005 512 4048 at
528 4000 603 4060 Syra-

138 4083 210 4128 cuse,
231 4084 264 4117 on
286 4068 327 4119 his
346 4074 432 4118 retum
453 4069 516 4118 from
537 4071 602 4118 Cou-
663 4068 928 4132 ’SaeturMaanoJ
941 4068 982 4116 lle
994 4068 1016 4116 is
1028 4082 1090 4127 sup-

138 4139 302 4200 atautinople,
312 4143 344 4187 1⁰
356 4140 417 4189 Jau.
429 4145 486 4188 ⁵55.
510 4140 602 4189 Baron'.
629 4141 707 4202 posed
719 4145 744 4187 to
756 4139 820 4188 have
831 4139 891 4187 died
907 4139 934 4186 in
945 4141 1002 4185 ool.
1041 4136 1091 4183 llis

138 4208 233 4256 annal.
245 4224 272 4258 x.
284 4208 318 4257 ad
329 4224 372 4259 au.
629 4210 673 4258 lile
691 4212 725 4270 by
737 4211 763 4259 S.
775 4210 887 4258 Faustus
907 4209 929 4255 is
947 4205 1047 4267 printed
1065 4206 1090 4252 iu

174 4274 186 4308 ²
198 4277 338 4340 Pelagine]
360 4279 403 4328 lle
414 4278 473 4328 died
487 4284 499 4326 1
513 4278 604 4328 March
629 4280 671 4328 the
683 4280 742 4330 Act.
753 4279 799 4329 SS.
810 4280 918 4329 Juuuar.
930 4291 973 4324 xv.
