3000 5004
356 429 423 494 206
613 447 747 496 noorai
773 447 820 495 ns
843 447 1051 497 wranovna

357 602 707 687 Constantinopolim,
723 612 760 669 et
776 604 938 669 'liberius
954 605 1047 670 filius
1061 605 1137 689 ejus
1150 624 1230 670 cum
1247 624 1312 687 eo;

359 696 592 768 'lastinianus
623 705 715 768 enim
743 705 865 787 [erat],
889 705 950 788 qui
975 705 1116 771 nimiam
1147 705 1184 769 in
1215 706 1313 771 ciras

358 802 438 866 illos
449 802 666 885 tyrannidem
685 812 901 882 exercuerat,
912 805 1041 889 jubens
1055 806 1175 869 nrhem
1190 825 1311 870 eorum

358 902 451 966 arari
473 909 509 966 et
531 902 568 966 in
592 903 830 985 pavimentum
854 903 953 982 illidi,
977 923 1019 968 eo
1047 904 1140 987 qnod
1163 904 1208 968 ad
1231 906 1311 989 eJus

357 999 609 1082 depositionem
640 1003 936 1085 conspiraverant,
969 1012 1009 1068 ut
1031 1003 1192 1086 superius
1218 1002 1332 1069 rela-'

357 1106 432 1164 tnm
445 1108 510 1165 est.

388 1273 592 1360 Philippices
605 1272 762 1337 lucretiam
776 1274 952 1337 Roaiam
966 1273 1084 1337 incasit
1099 1273 1277 1358 imperium.

406 1399 512 1465 Anno
536 1403 659 1483 gratiae
687 1416 842 1465 nccxln.
868 1399 1085 1482 Philippicas
1110 1399 1309 1464 Romanum

355 1500 525 1564 invadens
541 1500 723 1583 imperinm
740 1500 832 1582 apud
847 1498 1100 1564 Chersonesum
1116 1519 1310 1582 purpuram

356 1602 503 1682 accepit,
518 1593 704 1682 ²annisque
726 1599 859 1663 dnobus
887 1599 1080 1680 imperavit.
1134 1597 1206 1662 Hic
1227 1619 1308 1663 cum

355 1706 448 1762 esset
480 1699 675 1776 haereticus,
704 1697 846 1782 Cyrum,
879 1697 1308 1780 Constantinopolitanum

355 1799 567 1881 episcopum,
583 1798 689 1861 exilio
716 1798 896 1879 relegavit,
912 1806 949 1861 et
963 1797 1080 1880 posuit
1095 1797 1132 1860 in
1147 1797 1229 1861 sede
1246 1797 1308 1861 illa

356 1897 527 1979 quendam
550 1916 623 1962 suae
651 1898 823 1981 opinionis
853 1896 1220 1979 pseudo-monachum,
1242 1903 1307 1962 no·

356 1996 448 2060 mine
470 1996 679 2061 iohannem.
732 1997 814 2079 Ipse
833 2016 916 2061 vero
941 1995 1156 2079 Philippicas
1183 1996 1309 2062 Romae

357 2094 588 2161 Constantino
611 2114 712 2179 papae
733 2095 854 2160 literas
875 2096 976 2178 pravi
1001 2095 1175 2178 dogmatis
1198 2096 1307 2160 desti·

356 2197 466 2274 navit,
490 2215 578 2280 quas
601 2197 655 2261 vir
678 2202 820 2259 sauctus
844 2195 988 2260 consilio
1011 2195 1162 2260 Romani
1185 2196 1306 2279 populi

355 2315 533 2378 respuens,
550 2296 716 2378 praecepit
728 2315 771 2358 ne
785 2295 861 2379 ejus
876 2315 1001 2360 nomen
1015 2296 1051 2359 in
1068 2296 1174 2360 cartis
1196 2314 1305 2378 pone·

356 2403 462 2473 retur,
479 2404 540 2460 aut
561 2414 712 2478 pensura
729 2394 917 2459 solidorum
935 2395 1156 2479 reciperetur,
1173 2404 1236 2460 ant
1260 2396 1305 2460 ad

354 2494 535 2558 missarum
553 2496 722 2559 solemnia
736 2496 953 2559 recitaretur.

580 2666 631 2729 Da
643 2675 748 2730 sonato
765 2665 918 2730 (intimo
931 2665 1090 2730 heremita.

404 2786 509 2852 Anno
535 2789 658 2872 gratiae
681 2806 828 2854 nocxru
853 2782 1225 2853 sanctus³Guthlacus
1247 2789 1308 2855 ho·

355 2888 479 2952 remita
493 2890 585 2971 apud
603 2888 768 2954 Croiland
790 2890 826 2953 in
846 2888 973 2972 palude
989 2889 1081 2953 diem
1102 2889 1228 2953 clausit
1241 2910 1306 2954 ex·

354 2993 513 3053 tremum.
566 2988 637 3053 Hic
668 2989 711 3052 de
738 2989 846 3072 stirpe
870 3008 939 3052 non
964 2987 1110 3070 ignobili
1138 2989 1306 3070 originem

353 3087 496 3165 ducens,
523 3088 704 3172 utriusque
729 3089 884 3170 parentis
909 3095 1091 3152 stemmate
1116 3088 1307 3170 praeclarus

354 3187 514 3267 refulsit;
558 3207 659 3271 quem
689 3188 770 3251 dum
802 3195 956 3270 tempore
986 3186 1181 3264 Athelredi,
1212 3190 1306 3271 regis

355 3286 576 3365 Marciorum,
590 3295 702 3351 mater
718 3286 865 3369 gravida
879 3286 1009 3352 mundo
1022 3286 1214 3370 profundit,
1230 3307 1307 3353 ma-

353 3406 419 3450 nus
440 3387 600 3470 quaedam
623 3387 721 3451 rubei
744 3386 867 3450 nitoris
889 3386 1069 3469 effulgens,
1089 3385 1133 3450 ad
1155 3406 1307 3467 crucem,

353 3506 432 3569 quae
459 3495 541 3551 ante
567 3488 695 3552 ostium
719 3487 841 3550 domus
868 3505 1047 3569 puerperae
1072 3488 1201 3565 stabat,
1223 3506 1308 3570 por-

352 3593 449 3649 recta
475 3587 519 3650 ab
536 3586 664 3651 aethere
679 3586 882 3666 videbatur;
906 3585 1006 3670 cujus
1027 3586 1186 3665 miraculi
1207 3605 1308 3669 mag·

352 3684 474 3749 nitndo
497 3685 824 3749 mediterraneorum
846 3686 1010 3750 terminos
1036 3685 1246 3750 Merciorum
1268 3687 1307 3751 in

388 3872 589 3941 wastinense]
617 3877 671 3927 The
690 3877 767 3928 death
789 3879 819 3928 of
876 3876 1057 3943 ’θείω-η]
1075 3879 1119 3929 He
1137 3878 1198 3929 died
1214 3893 1248 3928 on
1264 3880 1309 3931 the

351 3946 483 3997 Jaetinian
493 3947 543 3995 and
550 3947 668 3997 Tiberius
676 3949 698 3997 is
705 3948 815 3999 referred
843 3949 901 3998 llth
909 3949 994 4012 April,
1003 3949 1310 4012 aceordingtol’lorence.

352 4016 386 4078 hy
407 4016 473 4079 Pagi
492 4021 518 4066 to
537 4016 580 4066 the
603 4019 721 4081 previous
741 4033 815 4081 γους
840 4020 888 4068 See
904 4019 944 4070 his
961 4020 1006 4073 life
1023 4020 1058 4080 by
1069 4019 1152 4080 Felix,
1163 4034 1180 4069 a
1197 4025 1309 4070 conmm-

352 4087 385 4137 ad
397 4101 438 4136 an.
449 4084 532 4154 ⁷11,§
545 4091 569 4138 8.
841 4104 941 4151 pornry,
959 4091 985 4138 in
997 4091 1056 4140 Act.
1067 4089 1113 4139 SS.
1128 4089 1212 4150 April.
1232 4090 1261 4143 ii.
1279 4106 1307 4152 p.

386 4151 658 4228 ’Annwucuoouj
679 4158 752 4209 From
772 4158 814 4208 the
841 4162 882 4220 88,
905 4159 967 4208 from
985 4158 1071 4208 which
1090 4159 1234 4209 Wendover
1259 4159 1308 4209 hae

350 4227 494 4278 cndoiill
507 4232 602 4281 tolla.
840 4228 1140 4291 abridgedhisaccount.
