3000 5004
348 454 414 519 36⁶2
597 466 734 515 aonam
758 467 805 513 nn
828 464 1034 513 wnvnovna

243 643 247 650 ·
348 620 590 703 congressione
609 620 732 684 cecidit
751 618 881 685 Ordein
896 619 1053 682 minister
1070 617 1224 702 ejusdem
1247 638 1302 682 re·

349 722 403 803 gis
426 727 462 784 et
483 720 584 783 multi
605 719 665 782 alii
688 739 765 782 cum
789 739 853 798 eo;
875 717 937 781 sed
951 717 1142 783 Christiani
1163 717 1303 781 demum

349 819 579 901 praevalentes
604 818 640 881 in
663 818 781 898 fugam
803 817 1023 882 adversarios
1048 816 1301 898 compulerunt,

349 936 438 1001 quos
460 917 578 980 fideles
604 916 678 978 sine
702 917 832 997 pietate
856 917 1091 997 insequentes,
1114 915 1244 978 multos
1265 915 1301 977 in

350 1015 451 1079 undis
471 1015 738 1095 submergebant
753 1024 788 1079 et
809 1014 994 1078 nonnullos
1017 1013 1143 1095 gladiis
1159 1013 1300 1077 detrun-

350 1115 489 1189 cabant,
514 1120 550 1176 et
572 1113 632 1194 qui
654 1132 699 1176 ex
722 1112 787 1176 hac
810 1112 909 1176 clade
931 1112 1078 1176 evadere
1101 1118 1301 1194 potuerunt,

350 1212 513 1293 fugiendo
533 1212 578 1274 ad
597 1206 882 1292 ¹Legecestriam,
904 1230 983 1293 quae
1002 1208 1152 1292 Anglice
1175 1210 1300 1292 ‘wyr-

350 1310 445 1374 hale'
461 1310 598 1385 dicitur,
616 1317 859 1391 pervenerunt,
878 1311 938 1373 ubi
959 1311 997 1372 in
1014 1309 1164 1391 quodum
1189 1309 1301 1372 muni·

350 1410 440 1491 cipio
462 1428 507 1472 ex
527 1409 726 1472 concivibus
748 1408 821 1472 suis
842 1408 1009 1490 plurimos
1029 1408 1252 1488 reperientes,
1265 1408 1300 1470 iu

351 1528 469 1572 eorum
500 1507 710 1571 consortium
734 1515 816 1571 sunt
842 1506 1006 1585 admissi3
1038 1525 1106 1587 quo
1131 1525 1194 1569 rex
1223 1524 1300 1568 cum

350 1606 576 1687 pervenisset,
609 1625 679 1668 non
707 1607 822 1688 potuit
850 1605 898 1668 ibi
927 1604 1139 1670 obsidionem
1170 1611 1299 1679 tenere,

351 1705 442 1767 unde
463 1704 591 1779 omnia,
608 1723 687 1785 quae
704 1712 805 1768 extra
820 1703 983 1787 oppidum
1003 1704 1040 1767 in
1054 1703 1213 1785 frugibus
1227 1703 1302 1767 sive

351 1802 560 1865 victualibus
577 1802 718 1884 reperit,
733 1804 815 1885 igne
830 1803 1073 1868 concremavit.

446 1974 495 2038 Do
510 1971 810 2058 altercationesque
825 1973 905 2039 iuter
919 1974 1037 2060 duplos
1051 1982 1080 2038 et
1093 1974 1212 2038 Dauos.

191 2120 293 2159 nomo
405 2095 510 2161 Anno
533 2097 674 2161 Domini
692 2115 885 2162 ncccxcvr.
902 2098 1071 2163 nefandus
1086 2115 1302 2179 paganorum

190 2169 340 2258 pffiprm
353 2198 539 2273 exercitus,
564 2195 819 2278 Legecestriam
845 2197 1019 2274 deserens,
1043 2194 1303 2260 Northanbum-

189 2268 276 2314 ‘¹⁰¹¹‘'⁸³
354 2296 461 2358 briam
488 2295 625 2377 petivit,
651 2296 711 2359 ubi
740 2296 887 2359 navibus
915 2296 1096 2378 adquisitis
1121 2313 1183 2376 per
1209 2311 1303 2356 mare

353 2413 490 2457 sursum
521 2394 687 2474 navigare
717 2402 908 2476 coeperunt.
959 2394 1115 2458 Tandem
1142 2393 1178 2455 in
1210 2392 1301 2455 ostio

355 2492 442 2555 Line
464 2490 628 2568 fluminis,
646 2485 735 2556 ²non
757 2493 860 2574 longe
883 2493 927 2556 ab
946 2494 1032 2556 urbe
1045 2490 1302 2556 londoniarum

354 2588 581 2671 applicantes,
606 2590 732 2671 praedis
759 2599 794 2654 et
814 2591 958 2672 rapinis,
979 2591 1146 2655 extractis
1170 2588 1215 2652 ad
1237 2595 1304 2653 ter·

354 2708 428 2751 ram
453 2688 613 2764 navibus,
636 2689 859 2769 institerunt3
891 2689 983 2771 quod
1010 2690 1103 2753 cives
1127 2687 1303 2752 Londoni-

355 2806 452 2850 arum
474 2805 551 2849 cum
575 2788 833 2867 cognovissent,
857 2787 1051 2870 conjunctis
1073 2786 1139 2850 sibi
1164 2788 1303 2869 provin·

355 2885 499 2948 cialibus
526 2884 663 2966 populis
695 2885 739 2947 ad
767 2885 879 2948 locum
903 2886 1081 2948 venientes
1106 2885 1301 2965 praelatum,

355 2984 561 3046 invenerunt
584 2983 701 3046 hostes
718 2983 891 3065 quoddam
904 2984 970 3046 sibi
986 2983 1062 3066 jam
1078 2983 1302 3064 municipium

356 3082 614 3161 construxisse3
636 3081 706 3144 illis
730 3088 846 3145 autem
870 3081 950 3143 hinc
974 3090 1010 3145 et
1031 3081 1111 3145 inde
1133 3080 1305 3146 hostiliter

356 3180 651 3255 concurrentibus,
661 3181 753 3243 cives
764 3179 1023 3243 Londonieuses
1039 3180 1208 3261 compulsi
1223 3186 1306 3243 sunt

356 3279 392 3340 in
412 3278 542 3359 sugam,
565 3284 714 3360 quatuor
732 3297 777 3340 ex
800 3278 894 3359 regis
914 3278 1081 3341 militibus
1103 3279 1303 3341 interfectis.

195 3396 310 3447 compenso
322 3397 344 3435 o
357 3375 425 3438 Sed
446 3396 514 3440 non
537 3376 647 3439 multo
668 3383 748 3458 post
766 3376 1031 3459 superveniente
1048 3374 1193 3440 Allredo
1211 3395 1304 3457 rege,

193 3448 264 3488 ‘⁰¹³⁰'
357 3475 525 3557 compulsi
551 3482 634 3538 sunt
656 3476 784 3559 pagani
808 3476 923 3541 locum
948 3474 1104 3539 deserere
1134 3481 1171 3538 et
1200 3483 1303 3539 noctu

394 3725 402 3756 ¹
421 3729 610 3791 Legecettriom,
632 3745 685 3792 qvoe
712 3731 819 3793 Auglice
845 3746 877 3780 on
888 3730 930 3780 the
942 3730 1014 3781 other
1024 3730 1087 3780 with
1099 3729 1142 3780 the
1157 3732 1226 3781 river
1240 3732 1308 3781 Mer·

362 3797 820 3861 Wyrlmle5]‘inWirhealo,quaeLe·
845 3796 906 3861 sey.¹
943 3800 1066 3863 (lauden,
1077 3801 1095 3850 i.
1104 3815 1131 3861 p.
1142 3805 1201 3850 48⁴.

359 3871 490 3929 gaceaster
500 3867 569 3915 dicta
585 3868 641 3930 est,'
651 3869 712 3918 Sar.
725 3870 819 3919 Chron.

359 3935 501 3984 wendover
518 3937 565 3986 has
583 3937 643 3987 here
662 3938 820 3988 conlounded
879 3938 958 3990 'Non
975 3944 1045 4004 louge
1060 3941 1091 3990 ub
1103 3940 1161 3990 urbe
1172 3941 1307 3993 landonis·

359 4005 452 4053 Wirrul
463 4005 525 4053 wilh
542 4006 585 4055 the
602 4007 652 4068 city
666 4007 695 4056 of
703 4008 819 4069 Chestcr,
843 4012 919 4074 rum]
936 4011 990 4060 The
1009 4013 1094 4061 saxon
1110 4010 1246 4062 chmnicle
1263 4013 1308 4062 hu

359 4074 473 4124 whereas
485 4076 527 4125 the
539 4076 611 4138 place
623 4076 740 4126 socallcd
753 4078 775 4125 is
786 4076 820 4125 ‘a
846 4093 897 4124 αι.
911 4076 973 4124 mila
996 4077 1081 4140 bufan
1097 4076 1309 4142 huneco-byprq.

358 4144 428 4206 large
445 4146 577 4205 peninsula
593 4147 710 4196 enclosed
726 4161 758 4195 ou
772 4161 820 4195 one
844 4145 897 4194 The
909 4145 1240 4208 riverlseigh,quosex,is
1251 4147 1308 4196 here

359 4213 414 4262 side
425 4215 487 4263 with
504 4214 546 4263 the
566 4221 676 4276 aestumy
688 4217 753 4279 Dee,
768 4215 819 4266 and
845 4214 973 4266 intended.
