3000 5004
178 655 245 696 ’Ab
256 658 301 695 ³³³.

351 464 395 527 80
607 477 741 527 uocum
767 477 814 525 nn
837 474 1044 525 wnunovnn

401 634 505 700 Anno
528 636 652 717 gratiae
679 651 760 698 onv.
775 634 875 716 quasi
892 632 1025 716 species
1046 632 1245 697 lancearum
1267 633 1303 695 in

352 755 431 799 aere
447 736 532 799 visae
555 743 638 799 sunt
658 753 680 798 a
703 734 937 817 septentrione
959 733 1122 816 usquein
1142 731 1303 797 occiden-

350 841 433 900 tem·
614 933 790 998 Medordes
803 931 1049 1015 atemptatus*

402 1053 506 1120 Anno
522 1056 646 1138 gratiae
663 1073 760 1120 nnvr.
778 1049 936 1118 ¹sanctus
951 1053 1152 1130 Medardus,
1170 1052 1302 1121 Novio·

352 1156 480 1220 mensis
498 1157 692 1238 episcopus,
710 1156 895 1219 virtutibus
918 1153 1064 1236 insignis
1078 1154 1241 1236 migravit
1258 1154 1302 1218 ad

354 1255 553 1332 Dominum,
568 1267 603 1319 et
619 1255 796 1319 Suessioni
812 1253 988 1336 sepelitur.

295 1395 301 1407 ·
404 1355 508 1420 Anno
534 1356 656 1437 gratiae
674 1371 785 1418 nhvu.
803 1346 1049 1434 ²Radegrmdis
1066 1354 1198 1435 regina,
1213 1372 1304 1416 uxor

352 1455 526 1537 quondam
563 1454 732 1519 Clotbarii
769 1453 861 1535 regis
904 1453 1127 1529 Francorum,
1166 1459 1303 1516 mutata

352 1561 461 1631 veste,
476 1555 673 1619 sanctitatis
697 1553 878 1618 nobilitate
902 1552 1020 1616 claret.
1074 1551 1143 1615 His
1163 1571 1302 1634 quoque

353 1653 473 1717 diebus
489 1674 583 1736 saepe
599 1654 728 1717 fiebant
742 1647 941 1717 ³conflictus
956 1653 1047 1716 inter
1062 1652 1251 1716 Britannos
1268 1659 1303 1715 et

353 1751 502 1834 Anglos,
532 1761 637 1835 atque
665 1753 783 1816 multis
814 1752 894 1816 hinc
923 1759 958 1815 et
990 1751 1070 1815 inde
1103 1752 1302 1835 peremptis,

354 1872 444 1916 nunc
462 1853 556 1916 cives
572 1872 662 1915 nunc
680 1852 797 1916 hostes
814 1852 1012 1916 vincebant.

469 1999 601 2064 Sanctus
618 2000 782 2086 Greyories
797 2000 900 2063 Rome
914 1999 1025 2063 enituit
1039 1992 1180 2084 iniquis.

296 2165 301 2176 ·
404 2123 509 2188 Anno
525 2125 647 2206 gratiae
660 2117 1019 2205 nnvru.⁴Gregorius,
1033 2123 1124 2186 filius
1135 2121 1305 2186 Gordiani

194 2930 249 2972 Ab.
259 2933 304 2971 ⁵⁵9.

194 2983 263 3022 Destb
272 2982 296 3021 ot

194 3033 277 3082 cynric.

354 2226 536 2302 senatoria,
549 2224 673 2289 Romae
688 2224 853 2300 adolevit,
862 2223 933 2305 qui,
946 2222 989 2286 de
1000 2223 1208 2305 patrimonio
1223 2241 1302 2304 pro-

354 2325 430 2407 prio
454 2345 518 2389 sex
543 2324 761 2390 monasteriis
787 2324 822 2387 in
847 2323 965 2387 Sicilia
987 2322 1141 2386 fundatis
1166 2330 1201 2385 et
1226 2339 1304 2403 sep·

356 2425 441 2488 timo
455 2425 578 2489 Romae
593 2425 628 2487 in
648 2424 749 2488 domo
763 2443 840 2500 sua,
854 2442 898 2486 ex
913 2430 1062 2505 praetore
1079 2423 1213 2486 urbano
1232 2420 1302 2483 lac-

356 2531 413 2587 tus
437 2531 490 2586 est
511 2523 714 2601 monachus,
741 2523 801 2605 qui
829 2522 987 2599 scientia,
1010 2522 1194 2606 sapientia,
1221 2521 1304 2584 doc·

356 2623 448 2686 triua
463 2630 498 2687 et
515 2623 702 2687 sanctitate
717 2623 842 2687 enituit
855 2622 1014 2704 insignia.

500 2792 637 2857 Kenrico
652 2793 804 2878 despecto,
824 2794 989 2858 emelinus
1003 2796 1151 2860 meoeseit.

406 2914 510 2982 Anno
537 2919 660 3000 gratiae
685 2934 787 2982 onix.
814 2918 999 2994 Kenricus,
1026 2940 1088 2984 rex
1109 2922 1305 2987 occidenta-

355 3017 437 3080 lium
455 3018 645 3095 Saxonum,
662 3017 847 3082 defunctus
861 3026 927 3095 est,
945 3027 979 3082 et
990 3013 1169 3110 ⁶reguavit
1185 3042 1248 3104 pro
1263 3043 1304 3086 eo

357 3117 544 3181 Ccaulinus
559 3118 650 3181 filius
665 3117 741 3201 ejus
757 3118 901 3199 triginta
918 3119 1029 3182 annis.

391 3327 517 3378 'Sanctus
529 3320 684 3395 Medurdroe]
704 3327 746 3376 He
763 3343 818 3376 wne
878 3324 890 3358 ⁸
910 3328 1046 3392 Conflicter
1064 3329 1128 3378 inter
1148 3325 1305 3399 Britannos]

355 3399 444 3460 bishop
453 3399 482 3447 ol
490 3399 592 3459 Noyon,
599 3413 627 3446 or
634 3398 759 3457 Soiseons,
767 3398 816 3446 and
842 3397 896 3446 'l'he
907 3399 999 3447 battles
1007 3398 1036 3447 oi
1043 3400 1175 3461 Sulisbury
1181 3400 1231 3449 and
1240 3402 1308 3450 Ban-

355 3470 378 3517 ie
390 3469 518 3530 supposed
536 3470 568 3528 by
579 3468 603 3515 lc
615 3468 704 3517 Coiute
715 3472 741 3515 to
753 3467 817 3516 have
843 3469 908 3528 bury
919 3482 962 3516 ure
973 3469 1096 3530 probably
1107 3468 1166 3518 here
1177 3470 1306 3532 intended,

356 3539 417 3587 died
444 3540 470 3586 in
488 3541 551 3598 646,
573 3538 606 3598 by
627 3537 712 3586 others
741 3538 819 3586 about
844 3538 870 3585 in
891 3537 975 3586 which
998 3538 1091 3598 Cynric
1117 3539 1168 3587 and
1196 3539 1236 3589 his
1261 3557 1305 3590 son

357 3611 414 3657 56⁰.
433 3608 513 3668 Greg.
523 3607 617 3655 Turon.
630 3606 700 3655 Hist.
712 3607 746 3656 iv.
760 3611 817 3667 la,
844 3606 960 3657 Ceawlin
971 3623 1040 3657 were
1051 3609 1094 3657 the
1104 3609 1207 3659 victora.
1234 3610 1306 3672 They

356 3677 398 3726 De
420 3677 492 3726 Glor.
523 3675 638 3725 Conless.
667 3690 724 3725 xcv.
771 3677 818 3725 See
844 3692 886 3726 ure
909 3678 1002 3738 placed
1020 3679 1045 3725 in
1066 3678 1107 3727 the
1125 3679 1209 3727 Senon
1229 3679 1308 3730 Chro-

356 3747 411 3795 also
422 3746 547 3807 sigebert,
556 3745 614 3793 who
629 3759 688 3805 says
704 3745 759 3794 that
776 3746 818 3794 the
844 3748 910 3796 niele
921 3748 947 3795 in
958 3747 1000 3796 the
1012 3762 1086 3809 years
1099 3753 1147 3797 ⁵52
1158 3749 1209 3798 and
1221 3755 1278 3800 tto.

357 3815 454 3864 heaven
472 3829 526 3863 was
545 3815 653 3876 opeued,
671 3815 721 3864 and
742 3816 819 3877 ligbts

357 3885 435 3934 shone
451 3889 497 3933 out
515 3884 604 3933 thence
627 3889 654 3933 ut
672 3884 713 3934 bie
732 3886 818 3947 death,
881 3883 1057 3951 ‘Guges-tea]
1070 3886 1309 3953 AfterwardsPope

357 3970 384 4018 p.
395 3958 453 4004 ⁷³8.
845 3957 961 4019 Gregory
972 3957 1014 4006 the
1025 3957 1114 4008 Great.

392 4022 602 4088 wisegarda]
631 4024 682 4074 She
705 4026 765 4075 died
788 4030 819 4075 18
1126 4029 1127 4032 ’

357 4096 427 4159 Aug.
447 4099 504 4144 58⁷.
540 4095 590 4144 She
608 4109 663 4144 was
688 4096 729 4145 the
746 4097 819 4145 soun·
881 4093 1027 4158 ‘Regnavit
1045 4111 1089 4159 pro
1106 4112 1133 4145 eo
1155 4098 1309 4163 Cauliana]

357 4168 428 4216 dress
450 4165 480 4214 oi
503 4180 535 4214 an
553 4166 634 4226 abbey
651 4166 677 4213 iu
700 4167 819 4216 Poitiers.
844 4166 897 4214 The
920 4167 1005 4215 Suxon
1024 4166 1158 4216 Chronicle
1179 4167 1252 4218 dates
1268 4169 1309 4218 his

357 4237 437 4300 (lrog.
448 4237 509 4285 Tur.
521 4250 565 4297 pp.
577 4240 636 4296 467,
646 4251 709 4299 seqq.
845 4237 974 4284 accession
985 4237 1011 4284 in
1022 4235 1064 4285 tbe
1076 4251 1137 4298 year
1148 4240 1206 4286 ⁵6⁰.
