3000 5004
477 437 616 485 neonus
640 439 911 489 ursronmauu.
1099 430 1166 495 325

209 595 302 678 quod
337 596 502 660 librorum
532 596 684 663 omnium
719 598 878 663 notitiam
912 600 1054 666 haberet
1085 623 1162 686 per·

210 694 345 759 sectam.

299 870 505 954 Paqoaorom
521 872 667 936 mochus
682 872 862 936 Londooioa
877 872 1012 939 ἄθεενωιε
1027 873 1073 938 od

442 971 484 1032 N
480 969 765 1034 orthoohumbriom
781 972 920 1037 transiit.

250 1092 364 1167 ¹Anno
382 1094 523 1158 Domini
548 1112 777 1160 ncccnxxru.
795 1089 832 1159 ¹J
836 1097 989 1161 ohannes
1012 1098 1102 1161 sedit
1123 1099 1159 1161 in
1172 1121 1282 1161 nnus

211 1193 376 1257 cathedra
390 1193 551 1257 Romana
572 1195 671 1257 annis
689 1194 807 1258 decem
824 1204 860 1258 et
875 1196 1009 1260 duobus
1025 1197 1157 1261 diebus.
1170 1171 1300 1270 333an

208 1292 339 1356 Eodem
365 1311 456 1356 anno
484 1313 577 1375 saepe
600 1294 713 1357 dictus
745 1313 960 1375 paganorum
984 1296 1158 1359 exercitus

210 1391 409 1455 Londonias
419 1392 579 1456 deserens
594 1393 637 1456 ad
652 1393 978 1458 Northanhumbros
993 1395 1158 1476 perrexit,

209 1510 280 1573 qua
304 1493 444 1572 regione
469 1492 642 1556 hostiliter
661 1492 884 1575 perlustrata,
903 1495 939 1557 in
963 1492 1157 1571 Lindeseia,
1171 1516 1305 1557 neuun-

210 1581 263 1652 ²in
281 1590 377 1667 villa,
394 1611 472 1672 quae
489 1590 680 1655 Torkeseia
698 1592 837 1670 dicitur,
856 1593 1052 1674 hyemavit3
1079 1612 1157 1655 cum
1170 1567 1291 1657 llhlill‘

208 1690 333 1771 quibus
351 1698 433 1753 tunc
449 1690 657 1755 Merciorum
680 1700 814 1773 gentes,
831 1694 914 1756 dato
930 1711 1082 1768 munere,
1098 1712 1157 1774 pa·

209 1788 354 1852 cificatoe
386 1798 479 1853 sunt.
532 1789 663 1854 Eodem
694 1811 786 1855 anno
809 1811 871 1855 rex
896 1791 1159 1856 Northanhum-

208 1888 348 1951 brorum
367 1888 540 1968 Egbertus
552 1890 641 1953 diem
658 1890 784 1954 clausit
798 1900 1003 1968 extremum,
1013 1885 1159 1955 et³Ric-

209 1987 281 2050 sius
310 1989 477 2051 successit
500 1989 532 2050 ei
552 1990 587 2051 in
612 2010 756 2070 regnum
781 1992 890 2054 tribus
913 1991 1024 2054 annis
1078 1989 1158 2069 Quo

207 2086 328 2168 utique
353 2106 443 2150 anno
461 2087 656 2164 Wlfherus,
676 2088 906 2152 Eboracensis
930 2089 1157 2171 archiepisco·

208 2204 286 2267 pus,
303 2185 347 2248 ad
364 2186 479 2250 sedem
497 2206 596 2251 suam
613 2196 796 2251 revocatus
812 2196 876 2251 est.
917 2188 1047 2250 Eodem
1066 2208 1157 2252 anno

208 2284 365 2367 deposito
382 2285 547 2364 Aldredo,
566 2287 826 2369 Legecestrensi
845 2288 1019 2369 episcopo,
1036 2279 1157 2350 ⁴Ceol·

202 2384 310 2448 rodus
324 2387 503 2449 successit.

255 2635 260 2645 Ι
276 2559 344 2623 Rea
359 2559 543 2624 Borhredus
555 2560 686 2624 Bonam
694 2559 855 2645 prffootas
870 2558 944 2626 obiit
957 2560 1079 2626 ibidem.

201 2721 204 2727 ·
259 2681 363 2747 Anno
382 2683 522 2747 Domini
536 2700 759 2748 neccnxxrv.
775 2679 962 2749 ⁵neiandus
976 2686 1157 2751 Danorum
1170 2704 1225 2744 in.
1235 2705 1279 2744 m.

1172 2756 1242 2795 nane·

210 2784 383 2847 exercitus
407 2782 624 2846 Lindeseiam
646 2783 843 2865 relinquens
870 2784 1037 2847 Merciam
1060 2785 1157 2862 adiit,
1170 2805 1276 2845 wintere

206 2888 244 2944 et
269 2883 305 2945 in
331 2882 426 2958 villa,
449 2902 528 2965 quae
552 2882 790 2964 Reppendune
811 2883 948 2960 dicitur,
970 2883 1158 2964 hyemavit.
1171 2855 1261 2906 nuru.

211 2980 428 3045 Burhrednm
470 3000 607 3062 quoque
648 3001 764 3063 regem
810 2980 1021 3045 Merciorum
1066 3001 1158 3047 anno

210 3080 308 3162 regni
333 3081 386 3144 sui
403 3081 567 3143 vicesimo
589 3081 739 3144 secundo
763 3080 971 3162 expulerunt
994 3100 1158 3163 arogno,

210 3180 270 3261 qui
302 3179 452 3243 Romam
479 3187 560 3261 post
590 3178 662 3242 dies
702 3199 833 3262 paucos
865 3180 1040 3262 profectus
1073 3180 1159 3244 obiit

209 3277 349 3354 ibidem,
374 3285 410 3341 et
429 3277 537 3361 juxta
559 3276 713 3341 scholam
730 3277 925 3361 Anglorum
952 3278 988 3341 in
1013 3279 1159 3343 ecclesia

205 3369 318 3439 beatae
341 3377 475 3441 vMariae
503 3378 600 3459 regio
630 3396 726 3441 more
761 3378 975 3460 sepulturam
1013 3378 1157 3460 accepit.

208 3472 296 3539 Post
312 3475 412 3559 cujus
429 3476 667 3558 expulsionem
680 3477 774 3541 Dani
787 3497 929 3559 regnum
948 3477 1158 3541 Merciorum

243 3737 416 3806 velamem]
444 3740 487 3789 the
510 3740 612 3804 eighth;
637 3740 670 3791 he
695 3741 963 3794 monochronon
983 3743 1157 3794 Mailrosoall

206 3811 264 3860 died
280 3811 337 3860 loth
350 3812 415 3860 Dec.
427 3815 485 3860 882.
694 3811 747 3860 him
756 3813 765 3839 ‘
774 3813 881 3874 Riosig!

196 3901 205 3979 γ’
241 3879 294 3928 ⁸¹²⁸
310 3882 379 3942 '’ah''
395 3895 450 3944 Ψ
469 3879 619 3942 kam']
636 3879 670 3960 .s⁰
730 3910 903 3983 *Ceolredus.]
926 3914 980 3964 The
999 3917 1059 3966 time
1076 3915 1106 3964 of
1118 3915 1158 3964 his

206 3950 268 3999 Sex.
280 3950 373 3999 Chron.
384 3951 417 3998 ad
429 3965 470 3999 an.
506 3949 586 3998 Aeser
595 3955 670 3998 omits
695 3984 963 4034 deathisnotknown

204 4018 248 4069 the
265 4034 338 4068 name
355 4020 384 4068 of
398 4019 440 4068 the
460 4024 537 4080 town,
548 4019 594 4067 but
609 4032 670 4079 says
966 4021 972 4034 ·

204 4088 670 4150 mattheywinteredinnindesigin
731 4083 887 4144 'Neronum
915 4081 1074 4152 Desertam]
1103 4084 1158 4135 me

205 4157 337 4219 thisyear.
695 4159 782 4204 events
809 4156 838 4204 oi
862 4156 913 4205 this
935 4170 997 4216 year
1024 4169 1067 4204 are
1094 4152 1158 4203 from

240 4226 391 4291 ‘Ricaius.]
419 4228 520 4277 Simeon
548 4226 668 4277 Dunelm.
694 4224 784 4286 Aeser,
794 4224 827 4273 ud
839 4240 880 4276 an.
892 4242 917 4288 p.
930 4229 971 4274 26.
