3000 5004
191 743 326 783 Tramlrtlcn

190 793 344 842 orthemuyof

191 845 212 883 8.
223 843 331 883 Benedict.

352 459 417 525 174
608 472 741 521 nocner
766 472 813 518 nn
837 470 1044 519 wnunovrm

352 626 576 692 Scholasticae
605 646 676 691 uno
707 626 882 709 sepultum
906 626 943 688 in
969 624 1084 689 loculo
1111 625 1306 689 tenebatur.

354 726 512 807 Contigit
533 727 637 790 etiam
658 733 698 790 ut
720 726 763 788 de
779 724 1035 790 cenomannica
1056 725 1143 788 urbe
1164 724 1305 806 quidam

353 829 472 891 eodem
502 832 657 907 tempore
687 824 986 907 proficiscerentur
1016 823 1060 886 ad
1090 823 1206 887 locum
1234 842 1307 887 me-

353 934 537 1001 moratum,
552 944 615 1006 pro
639 923 823 988 deferendo
842 930 973 987 sanctae
989 922 1216 987 Scholastica*
1230 942 1308 987 cur-

353 1024 511 1107 pusculo,
548 1023 608 1086 sed
639 1031 823 1106 postquam
856 1022 901 1086 ad
933 1022 1127 1086 Florianum
1159 1022 1308 1086 devene-

354 1131 438 1187 runt
469 1123 665 1187 coenobium
695 1123 797 1186 beato
825 1141 961 1204 semper
992 1122 1214 1186 adhaeserunt
1244 1120 1309 1186 Ai-

354 1223 464 1305 gulio,
482 1223 591 1288 donec
610 1222 653 1285 ed
678 1221 790 1284 sancti
807 1220 903 1284 Petri
920 1220 1040 1285 limina
1054 1228 1306 1303 pervenerunt3

345 1342 425 1406 vquo
450 1343 528 1386 cum
550 1321 801 1405 pervenissent,
823 1339 905 1384 mox
924 1321 1047 1384 beatus
1064 1319 1229 1402 Aigulfus
1250 1341 1308 1384 eo-

355 1441 430 1485 rum
446 1421 628 1504 [deseruit]
645 1419 868 1496 consortium,
888 1427 1107 1502 montemque
1123 1418 1307 1483 Cassinum

355 1520 450 1585 solus
472 1522 585 1603 petiit,
607 1521 666 1583 ubi
688 1520 792 1583 etiam
816 1526 1020 1601 pernoctare
1044 1518 1209 1582 decrevit.
1261 1520 1308 1583 Et

355 1640 436 1685 ecce
458 1621 676 1701 intempestae
698 1618 810 1682 noctis
824 1617 974 1694 silentio,
988 1618 1101 1701 ipsum
1115 1617 1229 1682 sancti
1245 1637 1308 1700 pa-

356 1720 420 1782 tris
436 1719 617 1783 Benedicti
634 1716 854 1799 sepulchrum
875 1718 926 1781 ita
948 1717 1082 1781 caelitus
1098 1716 1185 1780 vidit
1207 1717 1307 1781 illus·

356 1818 453 1893 trari,
476 1818 570 1881 acsi
595 1815 712 1879 densis
740 1816 957 1899 lampadibus
983 1817 1135 1898 undique
1156 1815 1308 1881 vallare·

357 1924 425 2002 tur,
445 1916 518 1993 sed,
538 1923 639 1980 nocte
661 1922 851 1992 transacta,
871 1915 1035 1998 splendor
1049 1915 1109 1979 ille
1125 1915 1307 1997 disparuit

357 2014 457 2079 Tunc
474 2014 680 2098 saepe-fatus
697 2013 862 2095 Aigulfus
880 2034 921 2079 oo
938 2020 1136 2079 reverenter
1150 2016 1309 2092 accessit,

356 2114 499 2179 effracto
534 2135 556 2178 a
584 2114 692 2178 latere
717 2113 911 2196 sepulchro,
941 2113 1027 2177 illud
1055 2115 1241 2179 evacuavit
1273 2123 1310 2180 et

357 2214 522 2297 quicquid
547 2214 596 2278 ibi
620 2214 748 2297 reperit
771 2214 875 2276 unius
901 2213 1066 2296 sportulae
1090 2213 1181 2289 sinu,
1205 2233 1310 2295 quem

358 2313 402 2376 ad
429 2314 493 2379 hoc
519 2320 789 2396 praeparaverat,
816 2313 983 2391 inclusit;
1011 2312 1137 2395 quibus
1161 2316 1310 2395 patratis

358 2413 441 2476 dum
457 2413 502 2477 ad
518 2413 658 2496 propria
677 2419 845 2476 remearet
859 2410 1037 2493 Aigulfus,
1056 2411 1160 2476 sociis
1177 2413 1250 2476 suis
1272 2414 1309 2477 id

358 2512 481 2575 itinere
508 2511 670 2587 ostendit,
701 2518 737 2575 et
763 2511 918 2575 cumeis
945 2511 988 2575 ad
1013 2510 1209 2575 Floriacum
1234 2531 1308 2577 mo-

360 2611 550 2673 nasterium
573 2611 703 2692 pariter
728 2610 904 2674 remeavit.
956 2610 1024 2673 Sed
1052 2618 1240 2693 antequam
1265 2612 1310 2676 ad

360 2709 445 2772 illud
461 2709 683 2791 pertingeret,
697 2708 837 2774 devenit
854 2709 896 2772 ad
910 2709 1023 2773 locum
1034 2729 1136 2792 quem
1153 2709 1189 2774 N
1191 2730 1312 2775 ovum-

360 2808 475 2873 vicum
498 2808 687 2890 appellent,
704 2809 764 2890 qui
787 2808 947 2874 milliario
970 2828 1039 2873 uno
1061 2809 1169 2874 distat
1191 2828 1213 2873 a
1237 2830 1312 2876 mo-

361 2908 513 2972 nasterio
529 2907 730 2991 saepe-fat03
746 2909 863 2991 ibique
876 2907 1064 2990 praedictus
1075 2909 1182 2972 abbas
1195 2907 1313 2974 Mum-

360 3008 473 3072 molus
505 3027 583 3072 cum
614 3007 785 3089 frequenti
821 3008 923 3072 turba
953 3008 1003 3072 eis
1030 3015 1228 3073 reverenter
1253 3029 1312 3075 oc-

360 3108 480 3185 currit,
496 3115 531 3171 et
549 3115 619 3171 tam
636 3126 736 3171 sacra
750 3109 897 3189 pignora
912 3126 989 3170 cum
1007 3106 1138 3172 honore
1160 3111 1315 3192 suscepit

360 3215 396 3271 et
423 3207 608 3270 adsumens
633 3206 825 3289 sportulam
854 3225 961 3288 supra
985 3213 1223 3284 memoratam,
1249 3228 1313 3291 po-

360 3307 431 3370 suit
451 3307 488 3370 in
510 3307 656 3371 ecclesia
674 3306 840 3388 principis
863 3305 1099 3388 apostolorum
1116 3305 1225 3385 Petri,
1248 3328 1312 3373 ex·

360 3406 539 3489 traxitque
555 3425 636 3471 ossa
650 3405 881 3482 sanctissima,
896 3424 974 3486 quae
996 3405 1043 3468 ibi
1060 3405 1201 3471 confuse
1214 3407 1313 3491 jace-

361 3506 446 3568 bant
467 3506 613 3569 inclusa.
666 3505 814 3569 Demum
833 3523 916 3568 vero
936 3521 979 3567 ea
996 3504 1141 3584 eligens,
1157 3506 1316 3588 singilla-

363 3604 425 3668 tim
447 3605 491 3666 ab
514 3605 662 3668 inlicem
685 3604 874 3687 separavit,
890 3623 912 3667 a
926 3603 1116 3686 majoribus
1131 3624 1315 3672 secernens

363 3702 508 3778 minora,
530 3702 623 3784 quod
646 3722 724 3766 cum
748 3704 877 3767 sactum
902 3702 1038 3779 suisset,
1060 3722 1140 3767 ecce
1161 3703 1232 3770 duo
1255 3726 1316 3770 ca-

363 3800 493 3863 davera
523 3808 736 3864 mortuorum
768 3803 812 3866 ed
840 3802 1075 3885 sepeliendum
1104 3801 1316 3884 serebantur,

364 3918 511 3980 quorum
538 3919 645 3962 unum
673 3901 855 3965 masculini
880 3909 915 3966 et
940 3901 1086 3965 alterum
1112 3909 1189 3968 erat
1210 3923 1318 3971 sexus

278 4028 297 4058 ο.
364 3998 553 4078 foeminini3
594 3999 686 4062 Mira
719 4003 795 4066 res!
829 4018 907 4064 nam
937 4020 1014 4064 cum
1040 4020 1145 4083 super
1169 4006 1316 4070 masculi

363 4117 489 4182 corpus
517 4098 651 4183 majora
677 4099 823 4164 fuissent
850 4120 931 4164 ossa
952 4102 1183 4182 superposite,
1206 4106 1318 4170 conti·

365 4219 434 4263 nuo
466 4218 529 4282 per
557 4200 717 4263 meritum
755 4199 848 4265 beati
880 4199 1061 4265 Benedicti
1093 4208 1232 4267 mortuo
1263 4212 1319 4270 est
