3000 5004
387 456 409 516 6
645 468 778 516 uocum
804 469 850 517 ou
873 469 1079 517 wnunovun

389 624 606 688 cursionibus
624 622 784 704 fatigato,
801 629 921 687 contra
946 620 1097 685 hostium
1114 620 1339 703 irruptionem

390 726 535 806 ignarus
559 722 642 805 quid
674 729 806 803 ageret,
838 721 977 784 tandem
1006 720 1166 784 omnibus
1195 721 1340 803 placuit,

390 831 430 886 ut
447 830 585 905 gentem
601 820 792 898 Saxonum,
807 821 850 883 de
866 821 1023 903 partibus
1037 821 1288 897 transmarinis,
1304 823 1341 884 in

391 922 561 985 auxilium
588 915 858 1000 ¹convocarent;
891 919 983 1002 quod
1008 919 1126 985 divino
1158 926 1245 983 nutu
1270 920 1341 983 dis-

390 1023 540 1104 positum
560 1038 637 1084 esse
651 1026 801 1097 constat,
817 1026 858 1083 ut
873 1019 1008 1083 veniret
1022 1026 1144 1082 contra
1166 1019 1342 1101 improbos

391 1121 532 1198 malum,
558 1120 649 1183 sicut
675 1118 868 1183 evidentius
896 1137 1010 1182 rerum
1037 1118 1153 1181 exitus
1185 1138 1342 1202 compro·

391 1220 497 1283 bavit.
545 1219 737 1283 Mittuntur
752 1219 887 1283 interea
908 1219 944 1281 in
970 1215 1193 1281 Germaniam
1216 1218 1341 1296 nuntii,

391 1328 441 1396 ut,
460 1319 552 1402 quod
565 1319 793 1401 praelocutum
809 1325 875 1395 est,
889 1336 994 1399 opere
1008 1318 1234 1399 compleatur.

440 1493 528 1556 Nola
543 1490 653 1556 delium
664 1499 729 1557 'noa
740 1488 870 1567 viridas,
885 1487 939 1554 aad
951 1485 1289 1553 centimetrorum.

229 1639 338 1677 anna
451 1614 555 1679 Anno
594 1617 717 1697 gratiae
749 1630 970 1677 ccccxuvrn.
998 1612 1089 1676 Picti
1119 1631 1197 1675 cum
1227 1611 1341 1677 Sectis

228 1688 373 1777 iiiiii...
391 1714 519 1777 bollum
542 1715 726 1778 adversum
753 1714 928 1786 Britones,
949 1712 1082 1795 junctis
1102 1712 1246 1789 viribuS,
1263 1731 1340 1775 sus-

231 1787 320 1827 ¹³¹¹‘¹¹⁰'
391 1821 568 1896 ceperunt.
614 1813 702 1877 Cum
728 1832 810 1877 vero
839 1813 1000 1876 Britanni
1023 1818 1140 1893 partes
1162 1830 1245 1875 suas
1267 1809 1341 1875 sore

391 1912 541 1995 impares
561 1912 771 1997 judicarent,
802 1918 1000 1975 sanctorum
1030 1910 1224 1975 antistitum
1253 1909 1341 1974 Ger-

391 2012 484 2075 mani
519 2020 555 2075 et
585 2011 676 2094 Lupi
716 2011 885 2074 auxilium
925 2010 1111 2092 petierunt.
1179 2010 1341 2093 Denique

392 2130 471 2174 cum
494 2111 606 2194 major
619 2130 701 2194 pars
715 2111 888 2174 exercitus
910 2128 1007 2173 arma
1028 2128 1151 2191 capere
1164 2116 1200 2173 et
1212 2109 1341 2173 bellum

392 2229 517 2292 parare
548 2218 734 2289 tentarent,
771 2208 967 2274 Germanus
1004 2228 1041 2272 se
1074 2208 1196 2272 ducem
1229 2209 1340 2291 praelii

392 2309 546 2373 futurum
577 2309 727 2389 fatetur3
762 2310 861 2393 eligit
893 2309 1087 2391 expeditne,
1118 2308 1340 2392 circumjecta

391 2410 572 2490 percurrit,
594 2417 631 2474 et
655 2431 674 2473 e
699 2410 853 2492 regione,
870 2428 941 2491 qua
959 2407 1110 2471 hostium
1136 2409 1341 2490 sperabatur

391 2507 573 2585 adventus,
597 2509 723 2572 vallem
751 2508 997 2573 circumdatam
1020 2507 1141 2570 mediis
1165 2506 1340 2572 montibus

392 2607 558 2684 intuetur,
585 2627 655 2689 quo
681 2609 716 2671 in
741 2608 819 2673 loco
840 2610 915 2690 ipse
943 2607 1016 2671 dux
1036 2607 1183 2689 agminis
1209 2627 1337 2672 novum

391 2708 583 2770 exercitum
605 2709 792 2789 componit.
839 2708 886 2772 Et
905 2707 981 2790 jam
1003 2705 1124 2770 aderat
1140 2706 1239 2771 femx
1260 2707 1341 2771 hos-

390 2805 477 2869 tium
495 2806 692 2884 multitudo,
706 2827 811 2890 quam
826 2808 1104 2890 appropinquare
1116 2805 1341 2872 intuebantur

390 2905 425 2967 in
455 2904 589 2969 insidiis
621 2908 814 2971 constituti.
871 2907 972 2970 Tunc
997 2907 1112 2970 subito
1142 2904 1339 2970 Germanus

389 3004 533 3086 signifer
549 3006 729 3071 universos
754 3007 917 3071 admonet
943 3013 978 3069 et
1002 3006 1181 3089 praedicat,
1205 3014 1246 3070 ut
1261 3008 1338 3071 voci

390 3123 462 3168 suae
494 3125 563 3170 uno
591 3107 740 3170 clamore
773 3105 1028 3190 respondeant3
1069 3113 1105 3168 et
1137 3105 1336 3171 sacerdotes

388 3197 591 3269 '‘Alleluia’
605 3208 709 3270 tertio
719 3208 903 3289 repetitum
919 3205 1175 3269 exclamabant.
1214 3205 1337 3290 Sequi·

389 3310 447 3366 tur
462 3324 532 3369 una
545 3325 616 3370 vox
632 3306 798 3384 omnium,
816 3313 851 3370 et
866 3305 995 3369 elatum
1010 3304 1206 3383 clamorem,
1222 3324 1335 3390 reper-

224 3421 363 3513 Rifffl'l
388 3422 490 3467 cusso
508 3423 598 3483 aere,
615 3395 785 3471 montium
799 3405 964 3470 conclusa
976 3403 1229 3487 multiplicant3
1255 3405 1336 3470 hos·

224 3501 273 3562 n‘m.
387 3503 449 3566 tile
474 3522 599 3586 agmen
613 3513 743 3570 terrore
766 3505 1007 3588 prosternitur,
1022 3512 1058 3568 et
1080 3523 1244 3588 superse
1266 3525 1337 3570 non

388 3602 500 3666 solum
527 3622 630 3686 rupes
652 3606 895 3683 circumdatas,
911 3605 971 3668 sed
995 3605 1099 3668 etiam
1122 3605 1234 3686 ipsam
1260 3606 1337 3670 caeli

388 3700 583 3764 machinam
599 3703 730 3784 [ruere]
749 3704 1030 3783 contremiscunt,
1045 3703 1336 3788 trepidationique

425 3970 434 4003 ¹
455 3975 651 4039 convocarent]
680 3975 731 4028 Mr.
753 3977 849 4027 Sharon
873 3980 960 4030 tatiou.
997 3980 1089 4030 Gildas
1108 3986 1187 4031 staoeo
1203 3981 1259 4030 that
1275 3982 1336 4045 they

386 4042 484 4093 Turner
501 4045 637 4093 concludes
659 4045 714 4094 that
731 4046 774 4096 the
796 4049 849 4098 first
873 4064 941 4099 were
952 4051 1047 4100 invited
1063 4051 1129 4100 alter
1145 4050 1188 4100 the
1207 4053 1299 4113 appeal
1311 4059 1337 4104 to

386 4115 478 4163 arrival
500 4114 530 4163 oi
548 4113 590 4162 the
613 4115 711 4165 Saxone
729 4132 785 4167 was
807 4134 848 4168 ca·
872 4120 965 4169 Aetius
976 4120 1018 4169 the
1031 4122 1127 4170 Roman
1139 4123 1226 4172 consul
1239 4123 1265 4170 in
1277 4127 1335 4175 llo.

386 4185 452 4246 sual,
472 4185 518 4234 but
537 4183 591 4233 that
609 4185 674 4235 their
692 4189 848 4251 subsequent
906 4187 917 4219 ²
938 4189 1073 4255 Alleluia]
1098 4192 1146 4241 See
1168 4193 1194 4241 S.
1218 4192 1337 4255 Gregorii

385 4253 497 4305 increase
508 4269 563 4305 was
582 4255 624 4305 the
643 4258 723 4308 result
741 4260 770 4309 of
784 4261 848 4310 invi·
871 4275 930 4322 opp.
942 4260 1002 4309 edit.
1015 4261 1147 4312 Benedici.
1159 4262 1176 4312 i.
1189 4266 1246 4312 862.
