<?xml version="1.0" encoding="UTF-8"?>
<!DOCTYPE html PUBLIC "-//W3C//DTD XHTML 1.0 Transitional//EN"
    "http://www.w3.org/TR/xhtml1/DTD/xhtml1-transitional.dtd">
<html xmlns="http://www.w3.org/1999/xhtml" xml:lang="en" lang="en">
 <head>
  <title>
</title>
<meta http-equiv="Content-Type" content="text/html;charset=utf-8" />
  <meta name='ocr-system' content='tesseract 3.04.00' />
  <meta name='ocr-capabilities' content='ocr_page ocr_carea ocr_par ocr_line ocrx_word'/>
</head>
<body>
  <div class='ocr_page' id='page_1' title='image "./rogeridewendove05rogegoog_0445.png"; bbox 0 0 3000 5004; ppageno 0'>
   <div class='ocr_carea' id='block_1_1' title="bbox 347 438 1054 525">
    <p class='ocr_par' dir='ltr' id='par_1_1' title="bbox 347 438 1054 525">
     <span class='ocr_line' id='line_1_1' title="bbox 347 438 1054 525; baseline -0.004 0"><span class='ocrx_word' id='word_1_1' title='bbox 347 438 430 525; x_wconf 69' lang='grc' dir='ltr'>Ι400</span> <span class='ocrx_word' id='word_1_2' title='bbox 613 476 746 523; x_wconf 82' lang='lat' dir='ltr'>noonnr</span> <span class='ocrx_word' id='word_1_3' title='bbox 773 476 820 521; x_wconf 88' lang='lat' dir='ltr'>nn</span> <span class='ocrx_word' id='word_1_4' title='bbox 844 475 1054 522; x_wconf 83' lang='lat' dir='ltr'>wnnoovsn</span> 
     </span>
    </p>
   </div>
   <div class='ocr_carea' id='block_1_2' title="bbox 350 629 1319 4273">
    <p class='ocr_par' dir='ltr' id='par_1_2' title="bbox 350 629 1319 4273">
     <span class='ocr_line' id='line_1_2' title="bbox 363 629 1318 714; baseline -0.006 -16"><span class='ocrx_word' id='word_1_5' title='bbox 363 635 548 698; x_wconf 84' lang='lat' dir='ltr'>Wentanae</span> <span class='ocrx_word' id='word_1_6' title='bbox 581 634 676 696; x_wconf 85' lang='lat' dir='ltr'>urbis</span> <span class='ocrx_word' id='word_1_7' title='bbox 714 632 909 714; x_wconf 77' lang='lat' dir='ltr'>opiscopuS,</span> <span class='ocrx_word' id='word_1_8' title='bbox 946 631 1006 713; x_wconf 89' lang='lat' dir='ltr'>qui</span> <span class='ocrx_word' id='word_1_9' title='bbox 1039 629 1186 694; x_wconf 89' lang='lat' dir='ltr'>eundem</span> <span class='ocrx_word' id='word_1_10' title='bbox 1217 630 1318 693; x_wconf 90' lang='lat' dir='ltr'>Dun-</span> 
     </span>
     <span class='ocr_line' id='line_1_3' title="bbox 363 730 1319 814; baseline -0.005 -17"><span class='ocrx_word' id='word_1_11' title='bbox 363 742 500 797; x_wconf 91' lang='lat' dir='ltr'>stanum</span> <span class='ocrx_word' id='word_1_12' title='bbox 525 731 753 797; x_wconf 78' lang='lat' dir='ltr'><strong>monachatus</strong></span> <span class='ocrx_word' id='word_1_13' title='bbox 775 740 811 795; x_wconf 90' lang='lat' dir='ltr'>et</span> <span class='ocrx_word' id='word_1_14' title='bbox 833 731 1093 814; x_wconf 85' lang='lat' dir='ltr'><strong>presbyteratus</strong></span> <span class='ocrx_word' id='word_1_15' title='bbox 1116 730 1236 794; x_wconf 88' lang='lat' dir='ltr'>ordine</span> <span class='ocrx_word' id='word_1_16' title='bbox 1259 730 1319 793; x_wconf 89' lang='lat' dir='ltr'>de·</span> 
     </span>
     <span class='ocr_line' id='line_1_4' title="bbox 364 831 1317 912; baseline -0.004 -15"><span class='ocrx_word' id='word_1_17' title='bbox 364 843 557 908; x_wconf 82' lang='lat' dir='ltr'>conaverat,</span> <span class='ocrx_word' id='word_1_18' title='bbox 584 833 628 895; x_wconf 90' lang='lat' dir='ltr'>ab</span> <span class='ocrx_word' id='word_1_19' title='bbox 655 831 720 894; x_wconf 88' lang='lat' dir='ltr'>boc</span> <span class='ocrx_word' id='word_1_20' title='bbox 740 831 858 894; x_wconf 88' lang='lat' dir='ltr'>seculo</span> <span class='ocrx_word' id='word_1_21' title='bbox 882 831 1065 912; x_wconf 83' lang='lat' dir='ltr'>migravit3</span> <span class='ocrx_word' id='word_1_22' title='bbox 1092 831 1147 893; x_wconf 91' lang='lat' dir='ltr'>cui</span> <span class='ocrx_word' id='word_1_23' title='bbox 1170 850 1234 893; x_wconf 89' lang='lat' dir='ltr'>rex</span> <span class='ocrx_word' id='word_1_24' title='bbox 1257 850 1317 894; x_wconf 86' lang='lat' dir='ltr'>vo·</span> 
     </span>
     <span class='ocr_line' id='line_1_5' title="bbox 361 929 1317 1015; baseline -0.002 -20"><span class='ocrx_word' id='word_1_25' title='bbox 361 932 437 995; x_wconf 83' lang='lat' dir='ltr'>lens</span> <span class='ocrx_word' id='word_1_26' title='bbox 455 934 643 1015; x_wconf 89' lang='lat' dir='ltr'>subrogare</span> <span class='ocrx_word' id='word_1_27' title='bbox 658 931 894 1007; x_wconf 89' lang='lat' dir='ltr'>Dunstanum,</span> <span class='ocrx_word' id='word_1_28' title='bbox 917 949 979 1014; x_wconf 87' lang='lat' dir='ltr'>per</span> <span class='ocrx_word' id='word_1_29' title='bbox 1000 931 1166 1010; x_wconf 82' lang='lat' dir='ltr'>reginam,</span> <span class='ocrx_word' id='word_1_30' title='bbox 1181 929 1243 993; x_wconf 88' lang='lat' dir='ltr'>scil</span> <span class='ocrx_word' id='word_1_31' title='bbox 1255 937 1317 994; x_wconf 85' lang='lat' dir='ltr'>cet</span> 
     </span>
     <span class='ocr_line' id='line_1_6' title="bbox 362 1029 1315 1112; baseline -0.001 -18"><span class='ocrx_word' id='word_1_32' title='bbox 362 1041 508 1097; x_wconf 88' lang='lat' dir='ltr'>matrem</span> <span class='ocrx_word' id='word_1_33' title='bbox 525 1051 636 1107; x_wconf 89' lang='lat' dir='ltr'>suam,</span> <span class='ocrx_word' id='word_1_34' title='bbox 649 1050 753 1112; x_wconf 89' lang='lat' dir='ltr'>super</span> <span class='ocrx_word' id='word_1_35' title='bbox 769 1029 823 1093; x_wconf 91' lang='lat' dir='ltr'>his</span> <span class='ocrx_word' id='word_1_36' title='bbox 845 1029 942 1092; x_wconf 93' lang='lat' dir='ltr'>illum</span> <span class='ocrx_word' id='word_1_37' title='bbox 964 1030 1144 1108; x_wconf 89' lang='lat' dir='ltr'>convenit;</span> <span class='ocrx_word' id='word_1_38' title='bbox 1168 1029 1214 1092; x_wconf 90' lang='lat' dir='ltr'>ad</span> <span class='ocrx_word' id='word_1_39' title='bbox 1239 1030 1315 1093; x_wconf 77' lang='lat' dir='ltr'>&#39;taec</span> 
     </span>
     <span class='ocr_line' id='line_1_7' title="bbox 361 1129 1315 1213; baseline -0.002 -20"><span class='ocrx_word' id='word_1_40' title='bbox 361 1131 432 1209; x_wconf 91' lang='lat' dir='ltr'>ille,</span> <span class='ocrx_word' id='word_1_41' title='bbox 445 1138 455 1165; x_wconf 88' lang='lat'>‘</span> <span class='ocrx_word' id='word_1_42' title='bbox 469 1129 596 1212; x_wconf 87' lang='lat' dir='ltr'>Rogo,&#39;</span> <span class='ocrx_word' id='word_1_43' title='bbox 610 1131 734 1213; x_wconf 88' lang='lat' dir='ltr'>inquit,</span> <span class='ocrx_word' id='word_1_44' title='bbox 755 1129 927 1205; x_wconf 89' lang='lat' dir='ltr'>‘domina,</span> <span class='ocrx_word' id='word_1_45' title='bbox 940 1129 983 1192; x_wconf 89' lang='lat' dir='ltr'>de</span> <span class='ocrx_word' id='word_1_46' title='bbox 1008 1129 1167 1211; x_wconf 88' lang='lat' dir='ltr'>precibus</span> <span class='ocrx_word' id='word_1_47' title='bbox 1193 1129 1238 1191; x_wconf 88' lang='lat' dir='ltr'>bu</span> <span class='ocrx_word' id='word_1_48' title='bbox 1256 1148 1315 1191; x_wconf 90' lang='lat' dir='ltr'>us-</span> 
     </span>
     <span class='ocr_line' id='line_1_8' title="bbox 362 1227 1313 1309; baseline -0.001 -17"><span class='ocrx_word' id='word_1_49' title='bbox 362 1231 455 1295; x_wconf 92' lang='lat' dir='ltr'>modi</span> <span class='ocrx_word' id='word_1_50' title='bbox 484 1250 633 1307; x_wconf 86' lang='lat' dir='ltr'>cessare,</span> <span class='ocrx_word' id='word_1_51' title='bbox 664 1230 776 1292; x_wconf 91' lang='lat' dir='ltr'>sciens</span> <span class='ocrx_word' id='word_1_52' title='bbox 808 1248 862 1291; x_wconf 89' lang='lat' dir='ltr'>me</span> <span class='ocrx_word' id='word_1_53' title='bbox 891 1229 1012 1292; x_wconf 88' lang='lat' dir='ltr'>diebus</span> <span class='ocrx_word' id='word_1_54' title='bbox 1036 1228 1140 1309; x_wconf 88' lang='lat' dir='ltr'>regis,</span> <span class='ocrx_word' id='word_1_55' title='bbox 1162 1227 1225 1291; x_wconf 90' lang='lat' dir='ltr'>filii</span> <span class='ocrx_word' id='word_1_56' title='bbox 1252 1229 1313 1304; x_wconf 89' lang='lat' dir='ltr'>tui,</span> 
     </span>
     <span class='ocr_line' id='line_1_9' title="bbox 362 1326 1314 1412; baseline -0.002 -19"><span class='ocrx_word' id='word_1_57' title='bbox 362 1331 559 1412; x_wconf 88' lang='lat' dir='ltr'>pontificem</span> <span class='ocrx_word' id='word_1_58' title='bbox 596 1349 664 1392; x_wconf 92' lang='lat' dir='ltr'>non</span> <span class='ocrx_word' id='word_1_59' title='bbox 691 1327 869 1404; x_wconf 66' lang='lat' dir='ltr'>futurum:</span> <span class='ocrx_word' id='word_1_60' title='bbox 896 1328 986 1391; x_wconf 83' lang='lat' dir='ltr'>dixit</span> <span class='ocrx_word' id='word_1_61' title='bbox 1012 1335 1127 1391; x_wconf 90' lang='lat' dir='ltr'>autem</span> <span class='ocrx_word' id='word_1_62' title='bbox 1160 1326 1227 1390; x_wconf 78' lang='lat' dir='ltr'>hae(</span> <span class='ocrx_word' id='word_1_63' title='bbox 1259 1329 1314 1391; x_wconf 88' lang='lat' dir='ltr'>vir</span> 
     </span>
     <span class='ocr_line' id='line_1_10' title="bbox 362 1426 1312 1511; baseline -0.002 -18"><span class='ocrx_word' id='word_1_64' title='bbox 362 1429 431 1492; x_wconf 89' lang='lat' dir='ltr'>Dei</span> <span class='ocrx_word' id='word_1_65' title='bbox 460 1448 577 1511; x_wconf 88' lang='lat' dir='ltr'>regem</span> <span class='ocrx_word' id='word_1_66' title='bbox 610 1428 770 1510; x_wconf 76' lang='lat' dir='ltr'>diligenS,</span> <span class='ocrx_word' id='word_1_67' title='bbox 800 1427 900 1510; x_wconf 92' lang='lat' dir='ltr'>cujus</span> <span class='ocrx_word' id='word_1_68' title='bbox 941 1426 1094 1490; x_wconf 88' lang='lat' dir='ltr'>consiliis</span> <span class='ocrx_word' id='word_1_69' title='bbox 1127 1427 1312 1491; x_wconf 85' lang='lat' dir='ltr'>sacerdotii</span> 
     </span>
     <span class='ocr_line' id='line_1_11' title="bbox 361 1525 1311 1609; baseline 0 -19"><span class='ocrx_word' id='word_1_70' title='bbox 361 1548 469 1592; x_wconf 91' lang='lat' dir='ltr'>causa</span> <span class='ocrx_word' id='word_1_71' title='bbox 483 1529 595 1592; x_wconf 92' lang='lat' dir='ltr'>noluit</span> <span class='ocrx_word' id='word_1_72' title='bbox 605 1529 745 1605; x_wconf 82' lang='lat' dir='ltr'>deesse3</span> <span class='ocrx_word' id='word_1_73' title='bbox 760 1525 820 1590; x_wconf 90' lang='lat' dir='ltr'>sed</span> <span class='ocrx_word' id='word_1_74' title='bbox 836 1526 996 1609; x_wconf 82' lang='lat' dir='ltr'>sequenti</span> <span class='ocrx_word' id='word_1_75' title='bbox 1009 1533 1110 1590; x_wconf 90' lang='lat' dir='ltr'>nocte</span> <span class='ocrx_word' id='word_1_76' title='bbox 1123 1527 1188 1589; x_wconf 92' lang='lat' dir='ltr'>sibi</span> <span class='ocrx_word' id='word_1_77' title='bbox 1199 1527 1311 1590; x_wconf 87' lang='lat' dir='ltr'>visum</span> 
     </span>
     <span class='ocr_line' id='line_1_12' title="bbox 361 1624 1311 1708; baseline -0.001 -18"><span class='ocrx_word' id='word_1_78' title='bbox 361 1635 427 1704; x_wconf 86' lang='lat' dir='ltr'>est,</span> <span class='ocrx_word' id='word_1_79' title='bbox 437 1648 474 1691; x_wconf 89' lang='lat' dir='ltr'>se</span> <span class='ocrx_word' id='word_1_80' title='bbox 489 1628 637 1693; x_wconf 83' lang='lat' dir='ltr'><strong>Romam</strong></span> <span class='ocrx_word' id='word_1_81' title='bbox 654 1626 780 1690; x_wconf 86' lang='lat' dir='ltr'>adiisse</span> <span class='ocrx_word' id='word_1_82' title='bbox 794 1633 841 1703; x_wconf 92' lang='lat' dir='ltr'>et,</span> <span class='ocrx_word' id='word_1_83' title='bbox 858 1624 1011 1689; x_wconf 87' lang='lat' dir='ltr'>adoratis</span> <span class='ocrx_word' id='word_1_84' title='bbox 1021 1625 1200 1708; x_wconf 88' lang='lat' dir='ltr'>apostolis,</span> <span class='ocrx_word' id='word_1_85' title='bbox 1217 1626 1311 1689; x_wconf 93' lang='lat' dir='ltr'>illico</span> 
     </span>
     <span class='ocr_line' id='line_1_13' title="bbox 360 1723 1312 1807; baseline -0.001 -17"><span class='ocrx_word' id='word_1_86' title='bbox 360 1726 499 1790; x_wconf 90' lang='lat' dir='ltr'>domum</span> <span class='ocrx_word' id='word_1_87' title='bbox 511 1726 653 1790; x_wconf 87' lang='lat' dir='ltr'>rediisse</span> <span class='ocrx_word' id='word_1_88' title='bbox 664 1747 673 1804; x_wconf 92' lang='lat'>;</span> <span class='ocrx_word' id='word_1_89' title='bbox 686 1745 832 1807; x_wconf 89' lang='lat' dir='ltr'>cumque</span> <span class='ocrx_word' id='word_1_90' title='bbox 843 1723 887 1788; x_wconf 90' lang='lat' dir='ltr'>ad</span> <span class='ocrx_word' id='word_1_91' title='bbox 901 1724 1057 1788; x_wconf 89' lang='lat' dir='ltr'>Montem</span> <span class='ocrx_word' id='word_1_92' title='bbox 1068 1724 1187 1806; x_wconf 88' lang='lat' dir='ltr'>gaudii</span> <span class='ocrx_word' id='word_1_93' title='bbox 1197 1726 1312 1807; x_wconf 91' lang='lat' dir='ltr'>appli-</span> 
     </span>
     <span class='ocr_line' id='line_1_14' title="bbox 359 1824 1312 1907; baseline -0.001 -18"><span class='ocrx_word' id='word_1_94' title='bbox 359 1826 500 1903; x_wconf 88' lang='lat' dir='ltr'>cuisset,</span> <span class='ocrx_word' id='word_1_95' title='bbox 517 1845 597 1890; x_wconf 82' lang='lat' dir='ltr'>ecce</span> <span class='ocrx_word' id='word_1_96' title='bbox 613 1832 755 1888; x_wconf 89' lang='lat' dir='ltr'>sanctus</span> <span class='ocrx_word' id='word_1_97' title='bbox 770 1824 897 1891; x_wconf 89' lang='lat' dir='ltr'>Petrus</span> <span class='ocrx_word' id='word_1_98' title='bbox 913 1844 990 1888; x_wconf 92' lang='lat' dir='ltr'>cum</span> <span class='ocrx_word' id='word_1_99' title='bbox 1013 1825 1180 1907; x_wconf 88' lang='lat' dir='ltr'>apostolis</span> <span class='ocrx_word' id='word_1_100' title='bbox 1199 1824 1312 1888; x_wconf 89' lang='lat' dir='ltr'>Paulo</span> 
     </span>
     <span class='ocr_line' id='line_1_15' title="bbox 359 1923 1309 2005; baseline -0.001 -17"><span class='ocrx_word' id='word_1_101' title='bbox 359 1933 395 1989; x_wconf 91' lang='lat' dir='ltr'>et</span> <span class='ocrx_word' id='word_1_102' title='bbox 410 1923 551 1988; x_wconf 84' lang='lat' dir='ltr'>Andrea</span> <span class='ocrx_word' id='word_1_103' title='bbox 563 1925 724 2001; x_wconf 87' lang='lat' dir='ltr'>occurrit,</span> <span class='ocrx_word' id='word_1_104' title='bbox 739 1925 868 2005; x_wconf 84' lang='lat' dir='ltr'>singuli</span> <span class='ocrx_word' id='word_1_105' title='bbox 884 1923 1038 2005; x_wconf 89' lang='lat' dir='ltr'>singulos</span> <span class='ocrx_word' id='word_1_106' title='bbox 1053 1923 1189 2005; x_wconf 83' lang='lat' dir='ltr'>gladios</span> <span class='ocrx_word' id='word_1_107' title='bbox 1204 1944 1309 1988; x_wconf 88' lang='lat' dir='ltr'>manu</span> 
     </span>
     <span class='ocr_line' id='line_1_16' title="bbox 359 2023 1309 2106; baseline -0.001 -18"><span class='ocrx_word' id='word_1_108' title='bbox 359 2033 517 2089; x_wconf 88' lang='lat' dir='ltr'>tenentes</span> <span class='ocrx_word' id='word_1_109' title='bbox 535 2032 570 2089; x_wconf 88' lang='lat' dir='ltr'>et</span> <span class='ocrx_word' id='word_1_110' title='bbox 592 2025 622 2087; x_wconf 90' lang='lat' dir='ltr'>ei</span> <span class='ocrx_word' id='word_1_111' title='bbox 646 2025 818 2106; x_wconf 91' lang='lat' dir='ltr'>protensis</span> <span class='ocrx_word' id='word_1_112' title='bbox 842 2023 999 2086; x_wconf 90' lang='lat' dir='ltr'>manibus</span> <span class='ocrx_word' id='word_1_113' title='bbox 1019 2023 1213 2087; x_wconf 79' lang='lat' dir='ltr'>offerentes.</span> <span class='ocrx_word' id='word_1_114' title='bbox 1266 2023 1309 2087; x_wconf 90' lang='lat' dir='ltr'>In</span> 
     </span>
     <span class='ocr_line' id='line_1_17' title="bbox 359 2121 1308 2205; baseline -0.001 -18"><span class='ocrx_word' id='word_1_115' title='bbox 359 2124 475 2205; x_wconf 86' lang='lat' dir='ltr'>gladio</span> <span class='ocrx_word' id='word_1_116' title='bbox 501 2125 613 2188; x_wconf 87' lang='lat' dir='ltr'>sancti</span> <span class='ocrx_word' id='word_1_117' title='bbox 639 2123 735 2187; x_wconf 93' lang='lat' dir='ltr'>Petri</span> <span class='ocrx_word' id='word_1_118' title='bbox 753 2124 920 2205; x_wconf 89' lang='lat' dir='ltr'>scriptum</span> <span class='ocrx_word' id='word_1_119' title='bbox 944 2122 1022 2198; x_wconf 82' lang='lat' dir='ltr'>fuit,</span> <span class='ocrx_word' id='word_1_120' title='bbox 1047 2121 1113 2185; x_wconf 87' lang='lat' dir='ltr'>‘ln</span> <span class='ocrx_word' id='word_1_121' title='bbox 1138 2123 1308 2205; x_wconf 89' lang='lat' dir='ltr'>principio</span> 
     </span>
     <span class='ocr_line' id='line_1_18' title="bbox 359 2221 1309 2304; baseline -0.001 -18"><span class='ocrx_word' id='word_1_122' title='bbox 359 2232 434 2288; x_wconf 83' lang='lat' dir='ltr'>erat</span> <span class='ocrx_word' id='word_1_123' title='bbox 447 2222 611 2301; x_wconf 88' lang='lat' dir='ltr'>verbum,&#39;</span> <span class='ocrx_word' id='word_1_124' title='bbox 620 2230 655 2286; x_wconf 89' lang='lat' dir='ltr'>et</span> <span class='ocrx_word' id='word_1_125' title='bbox 666 2222 774 2304; x_wconf 82' lang='lat' dir='ltr'>gladii</span> <span class='ocrx_word' id='word_1_126' title='bbox 785 2229 983 2286; x_wconf 86' lang='lat' dir='ltr'>sanctorum</span> <span class='ocrx_word' id='word_1_127' title='bbox 1000 2221 1101 2285; x_wconf 91' lang='lat' dir='ltr'>Pauli</span> <span class='ocrx_word' id='word_1_128' title='bbox 1113 2221 1309 2286; x_wconf 84' lang='lat' dir='ltr'>etAndreae</span> 
     </span>
     <span class='ocr_line' id='line_1_19' title="bbox 358 2322 1308 2406; baseline 0.001 -21"><span class='ocrx_word' id='word_1_129' title='bbox 358 2325 507 2406; x_wconf 90' lang='lat' dir='ltr'>propriis</span> <span class='ocrx_word' id='word_1_130' title='bbox 523 2322 717 2387; x_wconf 89' lang='lat' dir='ltr'>nominibus</span> <span class='ocrx_word' id='word_1_131' title='bbox 732 2329 830 2386; x_wconf 85' lang='lat' dir='ltr'>erant</span> <span class='ocrx_word' id='word_1_132' title='bbox 852 2322 1028 2405; x_wconf 88' lang='lat' dir='ltr'>inscripti;</span> <span class='ocrx_word' id='word_1_133' title='bbox 1052 2329 1135 2385; x_wconf 88' lang='lat' dir='ltr'>tunc</span> <span class='ocrx_word' id='word_1_134' title='bbox 1152 2322 1184 2384; x_wconf 92' lang='lat' dir='ltr'>ei</span> <span class='ocrx_word' id='word_1_135' title='bbox 1207 2340 1308 2386; x_wconf 89' lang='lat' dir='ltr'>sanc·</span> 
     </span>
     <span class='ocr_line' id='line_1_20' title="bbox 360 2420 1309 2505; baseline 0.001 -21"><span class='ocrx_word' id='word_1_136' title='bbox 360 2430 416 2485; x_wconf 86' lang='lat' dir='ltr'>tus</span> <span class='ocrx_word' id='word_1_137' title='bbox 443 2422 571 2486; x_wconf 88' lang='lat' dir='ltr'>Petrus</span> <span class='ocrx_word' id='word_1_138' title='bbox 593 2422 772 2505; x_wconf 88' lang='lat' dir='ltr'>apostolus</span> <span class='ocrx_word' id='word_1_139' title='bbox 794 2420 922 2485; x_wconf 88' lang='lat' dir='ltr'>blande</span> <span class='ocrx_word' id='word_1_140' title='bbox 942 2421 1066 2485; x_wconf 87' lang='lat' dir='ltr'>cecinit</span> <span class='ocrx_word' id='word_1_141' title='bbox 1086 2420 1309 2498; x_wconf 90' lang='lat' dir='ltr'>modulando,</span> 
     </span>
     <span class='ocr_line' id='line_1_21' title="bbox 359 2520 1306 2603; baseline 0.001 -20"><span class='ocrx_word' id='word_1_142' title='bbox 359 2520 511 2586; x_wconf 83' lang='lat' dir='ltr'>‘Tollite</span> <span class='ocrx_word' id='word_1_143' title='bbox 532 2521 658 2603; x_wconf 88' lang='lat' dir='ltr'>jugum</span> <span class='ocrx_word' id='word_1_144' title='bbox 682 2540 795 2584; x_wconf 93' lang='lat' dir='ltr'>meum</span> <span class='ocrx_word' id='word_1_145' title='bbox 824 2538 1024 2603; x_wconf 87' lang='lat' dir='ltr'>supervos,</span> <span class='ocrx_word' id='word_1_146' title='bbox 1055 2528 1090 2584; x_wconf 91' lang='lat' dir='ltr'>et</span> <span class='ocrx_word' id='word_1_147' title='bbox 1121 2520 1306 2585; x_wconf 82' lang='lat' dir='ltr'>inveniatis</span> 
     </span>
     <span class='ocr_line' id='line_1_22' title="bbox 358 2619 1306 2702; baseline 0.002 -21"><span class='ocrx_word' id='word_1_148' title='bbox 358 2621 511 2702; x_wconf 87' lang='lat' dir='ltr'>requiem</span> <span class='ocrx_word' id='word_1_149' title='bbox 536 2620 716 2684; x_wconf 87' lang='lat' dir='ltr'>animabus</span> <span class='ocrx_word' id='word_1_150' title='bbox 743 2619 890 2697; x_wconf 84' lang='lat' dir='ltr'>vestris,&#39;</span> <span class='ocrx_word' id='word_1_151' title='bbox 922 2620 1045 2683; x_wconf 90' lang='lat' dir='ltr'>deinde</span> <span class='ocrx_word' id='word_1_152' title='bbox 1072 2620 1170 2683; x_wconf 95' lang='lat' dir='ltr'>illum</span> <span class='ocrx_word' id='word_1_153' title='bbox 1201 2639 1306 2702; x_wconf 88' lang='lat' dir='ltr'>argu-</span> 
     </span>
     <span class='ocr_line' id='line_1_23' title="bbox 358 2719 1305 2801; baseline 0.001 -19"><span class='ocrx_word' id='word_1_154' title='bbox 358 2719 460 2796; x_wconf 83' lang='lat' dir='ltr'>endo,</span> <span class='ocrx_word' id='word_1_155' title='bbox 477 2719 624 2800; x_wconf 88' lang='lat' dir='ltr'>virgam,</span> <span class='ocrx_word' id='word_1_156' title='bbox 642 2738 747 2801; x_wconf 88' lang='lat' dir='ltr'>quam</span> <span class='ocrx_word' id='word_1_157' title='bbox 765 2720 917 2796; x_wconf 89' lang='lat' dir='ltr'>tenebat,</span> <span class='ocrx_word' id='word_1_158' title='bbox 932 2719 1074 2795; x_wconf 87' lang='lat' dir='ltr'>levavit,</span> <span class='ocrx_word' id='word_1_159' title='bbox 1091 2727 1126 2783; x_wconf 93' lang='lat' dir='ltr'>et</span> <span class='ocrx_word' id='word_1_160' title='bbox 1143 2719 1212 2784; x_wconf 87' lang='lat' dir='ltr'>levi</span> <span class='ocrx_word' id='word_1_161' title='bbox 1233 2721 1305 2783; x_wconf 88' lang='lat' dir='ltr'>ictu</span> 
     </span>
     <span class='ocr_line' id='line_1_24' title="bbox 358 2817 1307 2901; baseline 0.002 -21"><span class='ocrx_word' id='word_1_162' title='bbox 358 2819 393 2881; x_wconf 93' lang='lat' dir='ltr'>in</span> <span class='ocrx_word' id='word_1_163' title='bbox 409 2818 526 2901; x_wconf 90' lang='lat' dir='ltr'>palma</span> <span class='ocrx_word' id='word_1_164' title='bbox 539 2819 763 2900; x_wconf 89' lang='lat' dir='ltr'>percutiendo</span> <span class='ocrx_word' id='word_1_165' title='bbox 778 2818 878 2896; x_wconf 85' lang='lat' dir='ltr'>dixit,</span> <span class='ocrx_word' id='word_1_166' title='bbox 894 2824 904 2852; x_wconf 91' lang='lat'>‘</span> <span class='ocrx_word' id='word_1_167' title='bbox 919 2817 999 2882; x_wconf 94' lang='lat' dir='ltr'>Hoc</span> <span class='ocrx_word' id='word_1_168' title='bbox 1013 2817 1140 2881; x_wconf 84' lang='lat' dir='ltr'>habeas</span> <span class='ocrx_word' id='word_1_169' title='bbox 1156 2838 1307 2882; x_wconf 86' lang='lat' dir='ltr'>commo·</span> 
     </span>
     <span class='ocr_line' id='line_1_25' title="bbox 357 2917 1305 3000; baseline 0.001 -19"><span class='ocrx_word' id='word_1_170' title='bbox 357 2919 519 2983; x_wconf 88' lang='lat' dir='ltr'>nitorium</span> <span class='ocrx_word' id='word_1_171' title='bbox 545 2918 587 2981; x_wconf 88' lang='lat' dir='ltr'>de</span> <span class='ocrx_word' id='word_1_172' title='bbox 613 2918 757 2981; x_wconf 88' lang='lat' dir='ltr'>ulterius</span> <span class='ocrx_word' id='word_1_173' title='bbox 782 2938 851 2981; x_wconf 91' lang='lat' dir='ltr'>non</span> <span class='ocrx_word' id='word_1_174' title='bbox 872 2918 1063 2981; x_wconf 89' lang='lat' dir='ltr'>recusando</span> <span class='ocrx_word' id='word_1_175' title='bbox 1085 2917 1212 3000; x_wconf 87' lang='lat' dir='ltr'>jugum</span> <span class='ocrx_word' id='word_1_176' title='bbox 1231 2918 1305 2982; x_wconf 94' lang='lat' dir='ltr'>Do·</span> 
     </span>
     <span class='ocr_line' id='line_1_26' title="bbox 359 3016 1304 3098; baseline 0.001 -18"><span class='ocrx_word' id='word_1_177' title='bbox 359 3017 467 3082; x_wconf 90' lang='lat' dir='ltr'>mini.&#39;</span> <span class='ocrx_word' id='word_1_178' title='bbox 518 3016 575 3081; x_wconf 83' lang='lat' dir='ltr'>Ad</span> <span class='ocrx_word' id='word_1_179' title='bbox 591 3017 666 3080; x_wconf 87' lang='lat' dir='ltr'>hacc</span> <span class='ocrx_word' id='word_1_180' title='bbox 683 3017 852 3098; x_wconf 89' lang='lat' dir='ltr'>evigilans</span> <span class='ocrx_word' id='word_1_181' title='bbox 866 3018 920 3080; x_wconf 87' lang='lat' dir='ltr'>vir</span> <span class='ocrx_word' id='word_1_182' title='bbox 935 3016 1014 3092; x_wconf 92' lang='lat' dir='ltr'>Dei,</span> <span class='ocrx_word' id='word_1_183' title='bbox 1038 3017 1111 3098; x_wconf 90' lang='lat' dir='ltr'>regi</span> <span class='ocrx_word' id='word_1_184' title='bbox 1135 3037 1237 3081; x_wconf 88' lang='lat' dir='ltr'>mane</span> <span class='ocrx_word' id='word_1_185' title='bbox 1252 3018 1304 3081; x_wconf 90' lang='lat' dir='ltr'>vi-</span> 
     </span>
     <span class='ocr_line' id='line_1_27' title="bbox 356 3115 1304 3199; baseline 0 -19"><span class='ocrx_word' id='word_1_186' title='bbox 356 3118 487 3181; x_wconf 91' lang='lat' dir='ltr'>sionem</span> <span class='ocrx_word' id='word_1_187' title='bbox 511 3117 630 3181; x_wconf 87' lang='lat' dir='ltr'>retulit</span> <span class='ocrx_word' id='word_1_188' title='bbox 645 3117 850 3195; x_wconf 82' lang='lat' dir='ltr'>admiranti3</span> <span class='ocrx_word' id='word_1_189' title='bbox 877 3117 932 3180; x_wconf 88' lang='lat' dir='ltr'>cui</span> <span class='ocrx_word' id='word_1_190' title='bbox 949 3136 1025 3193; x_wconf 81' lang='lat' dir='ltr'>rex,</span> <span class='ocrx_word' id='word_1_191' title='bbox 1041 3115 1154 3180; x_wconf 86' lang='lat' dir='ltr'>‘Cum</span> <span class='ocrx_word' id='word_1_192' title='bbox 1172 3116 1304 3199; x_wconf 88' lang='lat' dir='ltr'>gladii,’</span> 
     </span>
     <span class='ocr_line' id='line_1_28' title="bbox 355 3214 1304 3300; baseline 0.001 -21"><span class='ocrx_word' id='word_1_193' title='bbox 355 3217 480 3300; x_wconf 93' lang='lat' dir='ltr'>inquit,</span> <span class='ocrx_word' id='word_1_194' title='bbox 499 3222 609 3299; x_wconf 90' lang='lat' dir='ltr'>‘quos</span> <span class='ocrx_word' id='word_1_195' title='bbox 634 3236 678 3279; x_wconf 84' lang='lat' dir='ltr'>ex</span> <span class='ocrx_word' id='word_1_196' title='bbox 709 3216 901 3298; x_wconf 88' lang='lat' dir='ltr'>apostolica</span> <span class='ocrx_word' id='word_1_197' title='bbox 921 3214 1085 3296; x_wconf 90' lang='lat' dir='ltr'>largitate</span> <span class='ocrx_word' id='word_1_198' title='bbox 1109 3217 1304 3300; x_wconf 86' lang='lat' dir='ltr'>suscepisti,</span> 
     </span>
     <span class='ocr_line' id='line_1_29' title="bbox 355 3314 1305 3398; baseline 0.001 -20"><span class='ocrx_word' id='word_1_199' title='bbox 355 3325 567 3380; x_wconf 89' lang='lat' dir='ltr'>armaturam</span> <span class='ocrx_word' id='word_1_200' title='bbox 593 3314 777 3397; x_wconf 88' lang='lat' dir='ltr'>designant</span> <span class='ocrx_word' id='word_1_201' title='bbox 797 3314 947 3398; x_wconf 89' lang='lat' dir='ltr'>Spiritus</span> <span class='ocrx_word' id='word_1_202' title='bbox 972 3314 1103 3392; x_wconf 85' lang='lat' dir='ltr'>Sancti,</span> <span class='ocrx_word' id='word_1_203' title='bbox 1125 3316 1217 3379; x_wconf 86' lang='lat' dir='ltr'>scias</span> <span class='ocrx_word' id='word_1_204' title='bbox 1241 3336 1305 3398; x_wconf 88' lang='lat' dir='ltr'>pro</span> 
     </span>
     <span class='ocr_line' id='line_1_30' title="bbox 355 3413 1303 3498; baseline 0 -21"><span class='ocrx_word' id='word_1_205' title='bbox 355 3424 450 3479; x_wconf 86' lang='lat' dir='ltr'>certo</span> <span class='ocrx_word' id='word_1_206' title='bbox 476 3436 538 3498; x_wconf 88' lang='lat' dir='ltr'>per</span> <span class='ocrx_word' id='word_1_207' title='bbox 562 3413 715 3496; x_wconf 89' lang='lat' dir='ltr'>gladium</span> <span class='ocrx_word' id='word_1_208' title='bbox 741 3414 849 3491; x_wconf 87' lang='lat' dir='ltr'>Petri,</span> <span class='ocrx_word' id='word_1_209' title='bbox 867 3415 972 3477; x_wconf 88' lang='lat' dir='ltr'>verbo</span> <span class='ocrx_word' id='word_1_210' title='bbox 996 3414 1063 3476; x_wconf 91' lang='lat' dir='ltr'>Dei</span> <span class='ocrx_word' id='word_1_211' title='bbox 1089 3415 1303 3497; x_wconf 88' lang='lat' dir='ltr'>inscriptum,</span> 
     </span>
     <span class='ocr_line' id='line_1_31' title="bbox 354 3512 1303 3596; baseline 0 -20"><span class='ocrx_word' id='word_1_212' title='bbox 354 3514 671 3596; x_wconf 87' lang='lat' dir='ltr'>archiepiscopatus</span> <span class='ocrx_word' id='word_1_213' title='bbox 690 3514 861 3594; x_wconf 86' lang='lat' dir='ltr'>dignitate</span> <span class='ocrx_word' id='word_1_214' title='bbox 884 3513 1019 3577; x_wconf 87' lang='lat' dir='ltr'>caelitus</span> <span class='ocrx_word' id='word_1_215' title='bbox 1041 3521 1075 3576; x_wconf 89' lang='lat' dir='ltr'>te</span> <span class='ocrx_word' id='word_1_216' title='bbox 1092 3512 1303 3591; x_wconf 88' lang='lat' dir='ltr'>donandum,</span> 
     </span>
     <span class='ocr_line' id='line_1_32' title="bbox 354 3612 1305 3696; baseline 0.001 -21"><span class='ocrx_word' id='word_1_217' title='bbox 354 3633 416 3695; x_wconf 87' lang='lat' dir='ltr'>per</span> <span class='ocrx_word' id='word_1_218' title='bbox 433 3613 586 3693; x_wconf 86' lang='lat' dir='ltr'>gladium</span> <span class='ocrx_word' id='word_1_219' title='bbox 598 3612 712 3689; x_wconf 91' lang='lat' dir='ltr'>Pauli,</span> <span class='ocrx_word' id='word_1_220' title='bbox 722 3613 911 3695; x_wconf 90' lang='lat' dir='ltr'>simplicem</span> <span class='ocrx_word' id='word_1_221' title='bbox 927 3613 1177 3695; x_wconf 89' lang='lat' dir='ltr'>episcopatum,</span> <span class='ocrx_word' id='word_1_222' title='bbox 1193 3622 1228 3678; x_wconf 91' lang='lat' dir='ltr'>et</span> <span class='ocrx_word' id='word_1_223' title='bbox 1242 3633 1305 3696; x_wconf 86' lang='lat' dir='ltr'>per</span> 
     </span>
     <span class='ocr_line' id='line_1_33' title="bbox 354 3709 1305 3795; baseline 0.004 -22"><span class='ocrx_word' id='word_1_224' title='bbox 354 3712 508 3791; x_wconf 89' lang='lat' dir='ltr'>gladium</span> <span class='ocrx_word' id='word_1_225' title='bbox 520 3709 681 3787; x_wconf 84' lang='lat' dir='ltr'>Andreae,</span> <span class='ocrx_word' id='word_1_226' title='bbox 695 3713 802 3776; x_wconf 89' lang='lat' dir='ltr'>alium</span> <span class='ocrx_word' id='word_1_227' title='bbox 818 3712 1042 3795; x_wconf 86' lang='lat' dir='ltr'>praesulatum</span> <span class='ocrx_word' id='word_1_228' title='bbox 1055 3711 1137 3795; x_wconf 89' lang='lat' dir='ltr'>jure</span> <span class='ocrx_word' id='word_1_229' title='bbox 1157 3721 1192 3776; x_wconf 91' lang='lat' dir='ltr'>te</span> <span class='ocrx_word' id='word_1_230' title='bbox 1214 3713 1305 3795; x_wconf 86' lang='lat' dir='ltr'>regi·</span> 
     </span>
     <span class='ocr_line' id='line_1_34' title="bbox 353 3809 1304 3894; baseline 0.004 -23"><span class='ocrx_word' id='word_1_231' title='bbox 353 3809 455 3872; x_wconf 90' lang='lat' dir='ltr'>minis</span> <span class='ocrx_word' id='word_1_232' title='bbox 472 3811 693 3890; x_wconf 62' lang='lat' dir='ltr'>possessum?</span> <span class='ocrx_word' id='word_1_233' title='bbox 746 3812 839 3875; x_wconf 92' lang='lat' dir='ltr'>Nam</span> <span class='ocrx_word' id='word_1_234' title='bbox 854 3818 975 3893; x_wconf 89' lang='lat' dir='ltr'>postea</span> <span class='ocrx_word' id='word_1_235' title='bbox 987 3811 1094 3894; x_wconf 86' lang='lat' dir='ltr'>juxta</span> <span class='ocrx_word' id='word_1_236' title='bbox 1110 3813 1235 3875; x_wconf 93' lang='lat' dir='ltr'>somnii</span> <span class='ocrx_word' id='word_1_237' title='bbox 1252 3813 1304 3875; x_wconf 92' lang='lat' dir='ltr'>in·</span> 
     </span>
     <span class='ocr_line' id='line_1_35' title="bbox 353 3908 1302 3991; baseline 0.005 -21"><span class='ocrx_word' id='word_1_238' title='bbox 353 3908 634 3991; x_wconf 86' lang='lat' dir='ltr'>terpretationem</span> <span class='ocrx_word' id='word_1_239' title='bbox 651 3909 936 3974; x_wconf 88' lang='lat' dir='ltr'>Cantuariensem</span> <span class='ocrx_word' id='word_1_240' title='bbox 948 3911 1040 3975; x_wconf 87' lang='lat' dir='ltr'>rexit</span> <span class='ocrx_word' id='word_1_241' title='bbox 1057 3911 1250 3989; x_wconf 87' lang='lat' dir='ltr'>ecclesiam,</span> <span class='ocrx_word' id='word_1_242' title='bbox 1265 3913 1302 3975; x_wconf 95' lang='lat' dir='ltr'>in</span> 
     </span>
     <span class='ocr_line' id='line_1_36' title="bbox 351 4009 1301 4087; baseline 0.003 -15"><span class='ocrx_word' id='word_1_243' title='bbox 351 4009 489 4072; x_wconf 88' lang='lat' dir='ltr'>nomine</span> <span class='ocrx_word' id='word_1_244' title='bbox 519 4017 648 4072; x_wconf 84' lang='lat' dir='ltr'>sanctae</span> <span class='ocrx_word' id='word_1_245' title='bbox 675 4009 859 4075; x_wconf 89' lang='lat' dir='ltr'>Trinitatis</span> <span class='ocrx_word' id='word_1_246' title='bbox 888 4010 1095 4087; x_wconf 87' lang='lat' dir='ltr'>dedicatam,</span> <span class='ocrx_word' id='word_1_247' title='bbox 1125 4010 1301 4075; x_wconf 89' lang='lat' dir='ltr'>Londoni·</span> 
     </span>
     <span class='ocr_line' id='line_1_37' title="bbox 350 4108 1301 4188; baseline 0.003 -17"><span class='ocrx_word' id='word_1_248' title='bbox 350 4128 467 4173; x_wconf 83' lang='lat' dir='ltr'>ensem</span> <span class='ocrx_word' id='word_1_249' title='bbox 494 4108 530 4171; x_wconf 92' lang='lat' dir='ltr'>in</span> <span class='ocrx_word' id='word_1_250' title='bbox 555 4109 692 4173; x_wconf 89' lang='lat' dir='ltr'>nomine</span> <span class='ocrx_word' id='word_1_251' title='bbox 718 4108 833 4188; x_wconf 90' lang='lat' dir='ltr'>Pauli,</span> <span class='ocrx_word' id='word_1_252' title='bbox 855 4118 891 4173; x_wconf 90' lang='lat' dir='ltr'>et</span> <span class='ocrx_word' id='word_1_253' title='bbox 914 4109 1113 4175; x_wconf 85' lang='lat' dir='ltr'>Roffensem</span> <span class='ocrx_word' id='word_1_254' title='bbox 1144 4112 1181 4175; x_wconf 92' lang='lat' dir='ltr'>in</span> <span class='ocrx_word' id='word_1_255' title='bbox 1209 4111 1301 4176; x_wconf 90' lang='lat' dir='ltr'>beati</span> 
     </span>
     <span class='ocr_line' id='line_1_38' title="bbox 351 4205 917 4273; baseline 0 0"><span class='ocrx_word' id='word_1_256' title='bbox 351 4205 500 4273; x_wconf 77' lang='lat' dir='ltr'>Andreae</span> <span class='ocrx_word' id='word_1_257' title='bbox 516 4208 652 4271; x_wconf 88' lang='lat' dir='ltr'>nomine</span> <span class='ocrx_word' id='word_1_258' title='bbox 670 4217 917 4273; x_wconf 90' lang='lat' dir='ltr'>consecratam.</span> 
     </span>
    </p>
   </div>
   <div class='ocr_carea' id='block_1_3' title="bbox 0 0 1504 5004">
    <p class='ocr_par' dir='ltr' id='par_1_3' title="bbox 0 0 1504 5004">
     <span class='ocr_line' id='line_1_39' title="bbox 0 0 1504 5004; baseline 0 4"><span class='ocrx_word' id='word_1_259' title='bbox 0 0 1504 5004; x_wconf 95' lang='lat' dir='ltr'> </span> 
     </span>
    </p>
   </div>
  </div>
 </body>
</html>
