3000 5004
489 380 628 429 rcoans
653 381 923 430 nrsroaranun.
1114 368 1180 431 245

224 536 302 599 lans
326 535 453 612 animo,
473 537 574 618 quasi
592 538 712 601 volens
737 538 895 618 aufugit3
919 538 980 602 sed
996 559 1078 603 mox
1098 559 1176 602 cum

224 635 362 698 furtivis
394 635 596 717 praedonum
623 637 884 713 conventiculiS,
912 658 1093 702 nemorosa
1118 657 1175 720 pe

225 742 303 797 tens
319 734 451 810 abdita,
467 735 504 796 in
526 735 659 797 insidiis
676 736 794 799 multis
810 738 1037 819 exspectabat
1054 737 1175 801 diebus

223 839 365 922 propter
382 834 614 915 proverbium,
629 853 699 914 quo
716 833 854 912 dicitur,

283 988 368 1055 Quod
383 1009 440 1046 non
454 990 540 1065 longa
553 1008 633 1047 mora
648 1029 655 1043 .
669 989 736 1046 dare
750 990 831 1056 solet,
846 990 895 1047 dat
908 991 1002 1048 brevis
1016 991 1095 1052 hora.

224 1133 363 1196 interea
380 1131 461 1194 dum
480 1151 542 1194 rex
559 1131 755 1195 Kinewlsus
771 1132 892 1195 alienis
907 1134 1081 1198 amoribus
1098 1155 1169 1199 ser-

221 1231 318 1295 viens
349 1232 384 1293 in
413 1231 508 1306 villa,
536 1250 613 1312 quae
642 1225 844 1295 lMeretona
871 1232 1008 1309 dicitur,
1030 1234 1168 1300 furtivae
1196 1309 1197 1312 Ἴ

220 1331 337 1394 veneri
351 1330 557 1410 indulgeret,
573 1336 608 1392 et
623 1329 687 1393 hoc
705 1349 726 1392 a
744 1329 945 1394 Kinebardo
967 1333 1168 1413 supradicto

112 1511 115 1515 ⁸
219 1436 431 1511 compertum
448 1427 582 1504 fuisset,
598 1447 677 1491 cum
700 1428 772 1491 suis
789 1429 1014 1512 complicibus
1028 1430 1166 1497 domum

218 1528 302 1591 foris
328 1528 484 1606 obsedit3
507 1527 567 1589 sed
592 1546 666 1603 rex,
684 1527 744 1609 qui
767 1547 844 1590 cum
867 1548 976 1611 parvo
999 1529 1166 1596 comitatu

217 1635 253 1689 et
269 1627 370 1709 quasi
394 1627 489 1690 solus
511 1625 712 1702 advenerat,
732 1634 772 1689 ut
798 1645 836 1689 se
859 1627 903 1690 ab
920 1627 1076 1691 hostibus
1099 1649 1165 1693 un·

217 1725 320 1807 dique
331 1725 499 1788 vallatum
523 1725 756 1807 comperisset,
771 1726 861 1789 ostia
875 1726 996 1789 domus
1015 1727 1165 1813 occludit

216 1843 361 1906 sperans
384 1823 538 1887 latrones
552 1823 608 1886 vel
627 1831 755 1886 terrere
776 1823 920 1906 imperio
935 1824 992 1888 vel
1015 1825 1164 1891 mulcere

215 1923 390 2005 alloquio;
414 1920 475 1984 sed
505 1922 646 1997 frustra,
678 1941 757 1984 nam
789 1942 867 1985 cum
892 1941 914 1985 a
944 1923 1163 1990 multitudine

215 2041 278 2084 rex
304 2022 558 2084 circumventus
582 2019 715 2096 suisset,
746 2019 827 2082 dum
859 2022 979 2084 cedere
1005 2021 1162 2087 hostibus

215 2119 377 2183 damnum
400 2120 520 2200 gloriae
543 2138 616 2182 suae
638 2119 876 2194 arbitraretur,
893 2119 1083 2183 defensioni
1100 2142 1161 2186 va·

213 2238 296 2281 cans
324 2219 436 2300 ipsum
466 2216 704 2280 Kinebardum
735 2217 918 2281 crudeliter
945 2219 1160 2300 vulneravit;
1263 2287 1264 2290 ,

213 2316 279 2381 hoc
305 2323 420 2381 autem
445 2317 532 2393 viso,
550 2314 772 2379 Kinebardus
793 2336 871 2379 cum
895 2316 967 2378 suis
987 2317 1023 2379 in
1043 2336 1160 2400 regem

212 2416 358 2493 irruens,
384 2416 498 2497 ipsum
519 2413 703 2478 interfecit.
757 2414 867 2478 Pauci
884 2434 1022 2497 quoquo
1037 2436 1082 2479 ex
1099 2417 1160 2480 cli-

212 2514 328 2578 entela
350 2514 453 2595 regis,
479 2513 539 2595 qui
561 2513 717 2589 aderant,
734 2514 815 2576 dum
835 2533 905 2577 non
925 2532 1047 2577 manus
1065 2514 1160 2594 dare,
1208 2564 1210 2568 »

212 2613 273 2677 sed
298 2613 474 2677 dominum
495 2631 597 2675 suum
617 2611 793 2676 vindicare
820 2612 1013 2689 intendunt,
1041 2634 1160 2678 omnes

211 2712 351 2775 fuerunt
363 2712 494 2795 pariter
507 2711 716 2774 obtruncati.
768 2711 942 2776 Continuo
961 2711 1053 2776 fama
1074 2713 1161 2778 dila·

209 2811 304 2874 hitur
320 2811 362 2874 ad
387 2810 559 2893 principes
581 2810 749 2892 perempti
767 2811 871 2891 regis,
888 2811 1032 2891 quinon
1056 2811 1160 2894 longe

209 2911 375 2975 excubias
390 2910 553 2990 agebant,
575 2909 666 2971 inter
680 2927 767 2990 quos
783 2902 946 2971 ²Osricus
964 2909 1075 2991 major
1090 2930 1158 2974 cae·

209 3010 293 3072 teris
319 3009 431 3072 socios
462 3007 666 3070 hortabatur
693 3026 736 3069 ne
771 3015 903 3071 tantam
932 3007 1157 3087 ignominiam

207 3107 355 3171 inultam
377 3105 610 3183 dimitterent3
643 3106 773 3168 strictis
802 3107 940 3169 ensibus
962 3106 1099 3168 irruunt
1121 3108 1156 3169 in

207 3206 337 3270 hostes
401 3203 624 3269 Kinebardus
659 3203 724 3266 hoc
761 3204 881 3267 videus
915 3204 1156 3284 cognationem

208 3305 404 3387 praetendit,
422 3302 532 3366 multa
554 3302 748 3385 pollicetur,
775 3301 835 3364 sed
860 3302 919 3365 ubi
945 3301 1028 3364 nihil
1052 3304 1156 3384 profi-

208 3405 267 3479 cit,
286 3422 368 3467 suos
382 3402 425 3465 ad
442 3401 670 3466 resistendum
689 3399 869 3479 accendit;
893 3400 1032 3463 tandem
1052 3402 1156 3481 regiis

207 3502 373 3567 ministris
387 3502 485 3584 justa
502 3500 726 3582 proveniente
740 3499 899 3576 victoria,
916 3497 1155 3563 Kinebardum

205 3620 284 3664 cum
312 3601 385 3663 suis
413 3599 572 3663 omnibus
610 3605 837 3680 peremerunt.
905 3596 1041 3680 Corpus
1071 3618 1155 3663 vero

205 3699 298 3781 regis
314 3698 505 3764 Wintoniae
533 3696 707 3779 sepultum
732 3703 797 3774 est,
823 3695 1015 3760 Kinebardi
1040 3705 1156 3761 autem

239 3980 246 4009 ¹
260 3982 407 4044 Meretoua]
418 3982 518 4030 Merton
527 3981 553 4028 in
564 3981 668 4040 surrey,
728 3973 739 4003 ¹
750 3977 872 4040 Omana]
885 3978 960 4025 ‘who
970 3980 1093 4039 probably
1104 3979 1154 4027 had

203 4066 233 4100 aa
245 4052 357 4101 Camden
377 4065 517 4114 supposes,
534 4050 584 4100 vol.
603 4050 621 4099 i.
640 4064 666 4111 p.
692 4048 734 4096 the
746 4052 906 4108 goverumant
917 4046 946 4095 oi
960 4047 1014 4095 that
1024 4049 1156 4108 country?

201 4124 259 4170 239.
692 4117 778 4192 Carta,
789 4132 814 4176 p.
826 4119 883 4164 289.
