3000 5004
408 465 547 512 rnonns
575 464 844 514 nrsronmaun.
1035 451 1100 515 351

148 623 242 687 cives
259 629 360 686 tanta
382 622 494 686 classe
516 641 731 705 paganorum
755 623 927 704 perterriti
948 643 1101 706 propug-

151 722 278 785 nacula
300 741 476 786 murorum
502 722 632 805 clypeis
655 723 815 786 muniunt
837 730 872 786 ct
889 722 1030 806 jaculis,
1051 732 1103 787 at-

151 840 218 903 que
240 821 445 903 semetipsos
469 821 513 884 ad
536 821 763 885 resistendum
787 820 990 901 hortantur3
1017 841 1103 904 quo·

153 940 229 983 rum
246 919 428 984 audaciam
445 918 640 984 Hasteinns
657 928 696 984 ut
713 921 892 1004 comperit,
906 921 1000 985 omni
1013 922 1103 999 nisu,

152 1038 221 1102 quo
244 1027 348 1102 pacto
371 1038 446 1083 eam
464 1027 583 1102 posset
599 1020 767 1097 obtinere,
782 1021 942 1084 tentavit.
995 1022 1103 1084 Deni-

153 1137 220 1200 que
235 1120 396 1201 episcopo
409 1119 562 1183 civitatis
577 1124 613 1182 et
627 1119 744 1183 comiti
759 1137 821 1202 per
832 1118 1006 1183 ministros
1021 1139 1103 1183 snos

152 1217 333 1282 mandavit
354 1237 392 1282 se
417 1217 537 1282 lethali
560 1237 717 1300 pressum
740 1218 920 1300 languore,
945 1226 980 1282 ct
1002 1238 1040 1282 se
1060 1220 1105 1283 ab

153 1316 204 1381 eis
228 1316 464 1381 Christianum
489 1316 565 1380 fieri
587 1315 764 1381 humiliter
788 1316 1024 1400 supplicavit3
1050 1316 1105 1381 his

152 1416 338 1499 episcopus
360 1423 396 1480 et
417 1435 532 1481 comes
549 1416 689 1493 auditis,
705 1416 833 1498 gaudio
855 1435 983 1497 magno
1005 1415 1104 1481 exhi-

154 1513 258 1579 larati
288 1533 410 1597 pacem
433 1515 573 1579 firmant
598 1535 677 1578 cum
705 1516 802 1597 pacis
829 1515 981 1593 inimico,
1004 1523 1039 1580 et
1065 1516 1104 1580 fit

153 1613 294 1695 utrique
309 1615 437 1696 populo
453 1615 643 1679 communis
661 1615 756 1678 urbis
771 1615 957 1696 ingressus.
1008 1616 1105 1680 Tan-

153 1711 230 1776 dem
256 1713 397 1795 iniquus
418 1714 477 1777 ille
497 1712 692 1777 Hasteinus
716 1713 760 1777 ad
783 1714 966 1778 ecclesiam
986 1713 1106 1791 fertur,

154 1812 374 1877 sacrofonte
400 1813 627 1894 immergitur,
651 1832 752 1895 quem
777 1813 813 1876 in
841 1814 895 1876 sui
920 1813 1107 1897 perniciem

155 1911 338 1994 episcopus
364 1919 400 1976 et
422 1931 536 1977 comcs
561 1912 604 1975 de
628 1912 770 1976 lavacro
792 1921 1030 1995 susceperunt,
1054 1915 1107 1976 in·

155 2009 267 2093 deque
294 2011 527 2075 ministrorum
557 2011 717 2074 manibus
749 2011 794 2074 ad
823 2030 930 2075 naves
960 2012 1107 2076 refertur

156 2117 279 2175 sancto
306 2110 491 2175 chrismate
514 2110 700 2174 delibutus.
752 2109 841 2174 Post
868 2109 954 2188 haec,
984 2111 1107 2174 intem·

156 2216 265 2291 pestes
288 2211 401 2274 noctis
424 2209 537 2274 medio
562 2209 728 2274 loricatus
749 2210 786 2273 in
809 2209 936 2274 feretro
958 2210 1108 2274 colloca-

157 2314 227 2386 tur,
242 2308 391 2373 innuens
414 2308 517 2373 sociis
543 2316 583 2373 ut
605 2327 687 2372 suas
709 2310 774 2373 sub
796 2308 924 2373 tunicis
938 2309 1108 2373 vestirent

157 2405 309 2488 loricas3
342 2407 465 2472 deinde
494 2427 571 2472 cnm
598 2408 693 2472 luctu
719 2407 882 2472 simulato
903 2408 1108 2473 commilito·

156 2525 240 2569 num
257 2505 300 2570 ad
317 2508 497 2572 ecclesiam
513 2505 557 2571 de
574 2508 656 2571 navi
671 2506 821 2585 effertur,
839 2509 948 2572 sacris
962 2508 1109 2572 antistes

157 2605 368 2671 indumentis
402 2613 546 2670 omatnr
576 2614 834 2671 sacrosanctam
858 2627 922 2691 pro
946 2607 1110 2672 defuncto

159 2703 310 2769 hostiam
333 2712 550 2770 mactaturus
565 2725 575 2785 ;
598 2704 658 2769 scd
675 2726 755 2770 ecce
773 2705 978 2783 Hasteinns,
994 2707 1109 2791 perdi-

159 2803 265 2868 tionis
281 2804 384 2882 filins,
399 2803 442 2869 de
458 2804 585 2869 feretro
602 2812 743 2887 repente
759 2806 955 2888 prosiliens,
977 2806 1111 2889 episco-

159 2922 241 2985 pum
263 2911 299 2968 et
324 2904 483 2968 comitem
507 2904 625 2986 gladio
648 2904 879 2982 detruncavit,
902 2904 1027 2969 dehinc
1056 2907 1110 2970 lu·

159 3002 244 3084 pina
267 3003 363 3067 rabie
384 3022 463 3067 cum
486 3003 559 3066 suis
580 3011 762 3086 grassatur
786 3005 822 3067 in
845 3004 968 3087 plebe3
999 3002 1052 3067 his
1074 3004 1110 3067 in

160 3101 252 3165 hunc
275 3100 416 3166 modum
440 3121 461 3165 a
486 3101 625 3167 funesto
655 3103 876 3185 perpetratis,
902 3103 1112 3187 jugulantur

156 3201 317 3285 juvenes,
329 3200 547 3266 trucidantur
558 3221 671 3278 senes,
687 3200 919 3284 depopulatur
935 3202 1072 3278 civitas,
1091 3221 1112 3265 a

159 3299 392 3364 fundamentis
415 3301 544 3365 moeaia
565 3302 824 3365 subvertuntur.
878 3300 1028 3365 Peracta
1048 3300 1111 3384 igi·

161 3406 219 3464 tur
235 3398 331 3463 urbis
346 3400 582 3476 subversione,
598 3399 793 3464 Hasteinns
811 3398 975 3464 Carolum
993 3420 1111 3482 regem

163 3497 377 3563 Francorum
400 3497 497 3575 adiit,
515 3506 551 3563 ct
572 3519 692 3582 pacem
715 3500 759 3562 ab
779 3519 820 3563 eo
843 3499 1025 3583 postulans
1047 3501 1112 3563 im·
1233 3571 1236 3579 ¹

161 3597 314 3680 patravit
335 3597 497 3680 deditque
521 3599 572 3662 illi
596 3618 660 3681 pro
687 3599 860 3681 stipendio
885 3599 1005 3662 urbem
1025 3598 1112 3663 Car·

162 3704 353 3774 notensem,
377 3704 413 3762 et
434 3698 485 3760 sic
502 3696 621 3762 Gallia
642 3716 663 3762 a
686 3698 895 3763 tumultuum
917 3698 1113 3781 fragoribus

161 3795 374 3877 aliquamdiu
397 3797 593 3880 respiravit.
647 3795 737 3862 Haec
754 3805 869 3862 autem
887 3798 965 3862 ideo
989 3798 1055 3863 hoc
1077 3797 1113 3861 in

161 3894 238 3959 loco
265 3895 422 3973 recitavi,
447 3915 490 3960 ne
516 3897 594 3979 quis
625 3896 736 3960 solam
762 3895 928 3980 Angliam
960 3897 1115 3961 crederet

160 3993 226 4060 hac
243 3994 381 4060 Danica
394 3996 633 4078 persecutione
648 3995 799 4078 fatigari.
