3000 5004
466 404 605 453 anonas
628 404 899 455 ursronmnuu.
1091 391 1155 456 221

201 562 362 626 ultimum
391 561 567 638 edidisset,
589 563 625 624 in
652 582 771 626 vocem
801 563 968 627 orationis
998 566 1157 646 prorupit

202 661 342 739 dicens;
360 654 386 695 ¹‘
396 660 448 724 Te
458 662 634 743 deprecor,
649 663 739 725 bone
748 661 772 726 J
775 682 848 738 esu,
863 670 902 725 ut
915 664 969 726 cui
986 665 1156 745 propitius

200 761 339 825 donasti
354 763 461 824 verba
474 768 544 825 tuae
559 761 713 824 scientiae
727 761 873 825 dulciter
888 761 1037 839 haurire,
1049 762 1156 826 dones

202 861 306 924 etiam
321 861 492 941 benignus
510 860 696 942 aliquando
714 860 758 923 ad
775 861 905 924 fontem
921 863 1032 924 omnis
1047 863 1156 925 scien-

201 960 259 1023 tiae
285 960 477 1041 pervenire,
500 966 536 1022 et
557 979 692 1041 semper
708 967 789 1023 aute
805 967 901 1022 tuam
919 959 1040 1024 faeiem
1064 981 1156 1024 com-

203 1078 335 1140 parere.
388 1052 584 1121 ²Praeterea
604 1078 723 1122 omnes
745 1058 788 1121 ad
809 1078 896 1139 quos
917 1059 990 1122 baec
1010 1060 1156 1123 historia

144 1232 148 1240 Ι
201 1158 380 1239 pervenire
404 1157 557 1239 potuerit
573 1164 700 1220 nostrae
720 1157 884 1233 nationis,
905 1157 1059 1238 legentes
1080 1160 1154 1223 sive

203 1257 395 1332 audienteS,
414 1256 617 1339 suppliciter
633 1275 766 1338 precor,
782 1262 822 1319 ut
836 1276 899 1338 pro
915 1257 1000 1319 meis
1014 1256 1156 1320 infirmi-

201 1356 333 1419 tatibus
350 1363 385 1419 et
400 1357 523 1419 mentis
539 1364 576 1419 et
598 1355 753 1437 corporis
775 1355 868 1437 apud
887 1374 1072 1437 supernam
1087 1357 1155 1420 cle·

202 1454 366 1518 mentiam
384 1455 512 1536 saepius
533 1455 742 1518 intervenire
765 1455 993 1530 meminerint,
1008 1462 1043 1517 et
1065 1455 1154 1532 banc

201 1553 284 1616 mibi
294 1553 421 1635 quique
436 1554 473 1616 in
489 1555 561 1616 suis
578 1554 764 1635 provinciis
777 1573 850 1616 snae
868 1555 1154 1618 remunerationis

201 1653 311 1716 vicem
339 1652 541 1734 rependant,
565 1646 621 1716 ut³
650 1652 741 1735 apud
767 1672 885 1716 omnes
911 1653 1061 1717 fructum
1086 1654 1153 1735 piae

202 1753 456 1816 intercessionis
473 1752 659 1815 inveniam.
712 1749 847 1846 Amen?

281 1925 369 2004 Quod
382 1926 508 2011 Sergius
515 1947 607 2011 popo
622 1925 747 1989 academ
761 1925 882 1989 Bodom
897 1934 931 1989 ut
946 1926 1078 1989 Renum

535 2026 650 2089 veniret
662 2025 819 2088 incitavit.

254 2148 373 2234 Hujus
399 2159 568 2231 praeterea
589 2150 654 2214 viri
674 2148 879 2213 venerabilis
905 2149 997 2230 apud
1022 2148 1153 2212 Roma·
1164 2168 1278 2210 reama

202 2268 285 2312 num
307 2250 504 2332 pontificem
528 2250 615 2313 adeo
642 2247 785 2313 celebris
811 2255 887 2312 erat
913 2248 1017 2324 fama,
1044 2256 1084 2311 ut
1108 2249 1153 2312 ad
1163 2220 1269 2320 elffii

200 2348 368 2430 quasdam
391 2349 589 2413 enodandas
606 2367 714 2412 sacrae
737 2348 918 2429 scripturae
943 2347 1153 2429 quaestiones

201 2448 277 2531 ejus
288 2449 424 2512 auxilio
439 2448 598 2512 Romana
614 2447 808 2511 sublimitas
823 2446 1004 2528 indigeret.
1049 2445 1152 2526 Quod

201 2554 318 2611 autem
349 2547 472 2611 Romae
502 2547 618 2624 fuerit,
644 2540 766 2610 ⁴solide
793 2566 863 2610 non
896 2544 1056 2625 affirm03
1090 2547 1152 2610 sed

202 2652 318 2711 tamen
345 2647 443 2710 illum
474 2646 556 2710 illuc
586 2647 773 2710 invitatum
805 2665 874 2708 non
898 2645 1032 2720 dubito,
1059 2646 1152 2727 quod

201 2743 277 2808 baec
298 2746 446 2826 epistola
473 2746 603 2809 clarum
631 2745 746 2820 faciet,
769 2763 874 2826 quam
901 2745 983 2807 olim
1011 2743 1153 2826 Sergius

201 2862 294 2926 papa
326 2843 500 2909 Ceolfrido
530 2845 647 2908 abbati
676 2844 712 2906 in
750 2843 825 2907 haec
854 2844 961 2906 verba
997 2842 1127 2907 direxit
1136 2864 1152 2923 ·;

201 2948 212 2976 ‘
230 2943 372 3025 Sergius
389 2944 583 3026 episeopus,
609 2963 730 3007 servus
754 2953 939 3006 servorum·
957 2942 1036 3018 Dei,
1053 2941 1154 3006 Ceol-

202 3041 291 3106 irido
321 3042 482 3124 religioso
513 3044 632 3106 abbati
670 3042 818 3105 salutem
856 3049 891 3104 et
927 3040 1154 3122 apostolicam

203 3141 484 3206 benedictionem.
519 3142 655 3220 Quibus
673 3142 787 3205 verbis
808 3158 849 3202 ac
872 3139 983 3203 modis
1003 3139 1153 3203 clemen·

203 3241 288 3304 tiam
309 3242 376 3305 Dei
402 3242 524 3318 nostri,
548 3250 654 3324 atque
683 3239 948 3303 inenarrabilem
973 3239 1155 3321 providen-

203 3341 288 3403 tiam
318 3360 502 3424 possumus
533 3340 641 3418 effari,
666 3346 702 3403 et
726 3339 849 3420 dignas
877 3338 1068 3419 gratiarum
1098 3358 1156 3402 ac-

239 3553 438 3620 ¹Tedepreeor]
456 3557 577 3606 Malmsb.
588 3557 656 3619 §dd
692 3554 848 3647 credideram
876 3555 1011 3617 diligenter
1035 3555 1156 3604 adnotare

202 3743 280 3778 (ω’
291 3733 319 3778 at
328 3729 370 3778 the
381 3729 430 3778 end
442 3730 471 3779 οἱ
484 3730 526 3779 the
537 3731 668 3794 pmwgue’
660 3764 735 3813 ’the
748 3711 832 3813 wbrds
849 3763 877 3812 οἰ
891 3730 1061 3826 Mulmsbury,
1071 3764 1155 3813 wbicb

202 3804 266 3861 Μ’
693 3834 836 3883 Wendover
854 3833 901 3883 bas
923 3835 1044 3897 adopted.
1080 3835 1156 3896 Upon

237 3897 299 3949 ⁸vt
320 3895 407 3968 opud]
432 3901 514 3951 There
536 3901 583 3951 has
605 3903 668 3951 been
692 3903 735 3953 the
751 3905 883 3954 invitation
899 3903 929 3953 oi
943 3905 1015 3953 Beda
1031 3905 1157 3964 toltome,

203 3969 307 4018 omitted
334 3971 447 4020 between
475 3972 546 4021 these
573 3971 668 4032 words,
692 3974 735 4022 the
757 3974 847 4024 reader
869 3975 891 4022 is
914 3973 1025 4022 referred
1052 3979 1078 4022 to
1105 3974 1156 4022 Mr.

201 4040 268 4100 ‘qui
279 4039 311 4088 de
326 4041 434 4103 singulis
450 4042 596 4103 protinciis,
613 4042 667 4090 sive
694 4039 806 4104 Hardfs
815 4048 881 4104 note,
894 4042 1157 4103 Malrnsb.p.85,and

202 4109 266 4159 locis
283 4110 483 4173 sublimioribus,
499 4127 558 4173 quae
575 4126 667 4160 memo·
692 4113 865 4162 Introduction
878 4119 903 4161 to
917 4113 997 4170 Beda,
1007 4113 1075 4160 Hist.
1086 4111 1156 4160 Eccl.

202 4185 260 4228 ratu
287 4179 365 4240 digna
385 4186 462 4242 etque
476 4183 574 4231 ,incolis
596 4187 668 4243 gruta
691 4198 718 4243 p.
731 4198 756 4231 x.
