3000 5004
356 474 401 539 54
610 487 744 536 nocam
769 487 816 536 nn
838 486 1048 535 wannovan

358 645 432 729 pati
447 644 615 709 inutiliter
627 644 786 727 praelium
801 643 1035 722 reddiderunt,
1044 662 1123 708 cum
1132 643 1249 708 caeteri
1261 662 1308 707 ex

217 773 240 803 a
286 773 314 802 a
359 745 656 828 praemeditatione
687 744 867 808 audaciam
899 744 1134 826 recepissent;
1170 742 1310 807 tandem

198 1705 283 1744 esctun

269 823 309 853 ‘¹⁸'
360 852 443 908 sunt
470 844 566 927 capti
591 844 682 908 Octa
704 852 809 926 atque
836 844 942 920 Eosa,
970 851 1007 906 et
1030 842 1188 907 Saxones
1209 843 1311 924 peni·

360 951 418 1008 tus
441 943 611 1026 dissipati.
662 944 822 1027 Denique
846 943 1005 1008 omnibus
1029 941 1221 1023 pacificatis
1244 961 1309 1006 rex

362 1042 560 1108 Londonias
591 1043 757 1124 perrexit,
787 1042 912 1106 Oetam
946 1060 1085 1124 quoque
1110 1050 1147 1106 et
1179 1040 1310 1105 Eosam

360 1142 486 1206 ibidem
515 1143 551 1206 in
581 1160 719 1206 carcere
748 1142 880 1206 servari
915 1139 1009 1205 fecit.
1067 1140 1172 1205 Festo
1202 1140 1309 1205 etiam

363 1240 525 1305 Pascbali
547 1241 747 1305 imminente
765 1241 874 1324 jussit
898 1239 1098 1322 proceribus
1121 1239 1220 1322 regni
1242 1240 1311 1303 ibi·

360 1339 438 1404 dem
462 1342 657 1417 convenire,
685 1347 736 1416 ut,
753 1347 892 1421 sumpto
918 1339 1126 1414 diademate,
1148 1345 1309 1404 sanctum

360 1439 451 1504 diem
475 1440 605 1504 honore
618 1439 733 1503 debito
753 1439 953 1502 celebraret.
1005 1437 1202 1502 Paruerunt
1214 1438 1309 1501 illico

360 1539 489 1617 cuncti,
506 1546 541 1602 et
558 1558 621 1602 rex
636 1538 860 1602 festivitatem
873 1556 952 1601 cum
968 1537 1097 1618 gaudio
1109 1535 1308 1601 celebravit.

110 1654 114 1660 ·
199 1653 281 1695 eoru
290 1653 349 1694 dut·
363 1637 495 1702 Aderat
518 1637 610 1701 inter
630 1645 775 1701 caeteros
799 1636 931 1700 nobiles
949 1635 1102 1712 Gorlois,
1125 1636 1197 1699 dux
1219 1634 1308 1700 Cor-

304 1704 487 1814 moabie,
509 1754 586 1799 cum
602 1754 711 1800 uxore
728 1755 793 1799 suu
816 1735 954 1817 lgema,
968 1735 1068 1818 cujus
1086 1733 1306 1818 pulchritudo

360 1853 480 1899 omnes
496 1835 657 1898 mulieres
674 1834 864 1898 Britanniae
886 1835 1092 1917 superabat3
1115 1853 1219 1917 qnam
1243 1853 1307 1898 rex

360 1954 439 1997 cum
461 1934 685 2016 inspexisset,
708 1934 823 1997 subito
839 1933 985 1998 incaluit
1005 1952 1122 1997 amore
1143 1933 1250 2010 illius,
1271 1942 1308 1998 et

360 2032 411 2095 illi
437 2033 502 2097 soli
525 2051 632 2097 aurea
654 2033 781 2115 poculo
804 2034 1019 2097 incessanter
1043 2040 1079 2097 et
1102 2031 1233 2096 fercula
1255 2031 1307 2095 di·

360 2132 514 2213 rigebat3
551 2131 645 2214 quod
681 2151 759 2195 cum
792 2133 937 2196 maritus
965 2131 1042 2215 ejus
1071 2128 1306 2214 comperisset,

359 2231 469 2295 iratus
488 2230 588 2295 valde
610 2232 684 2295 sine
701 2230 841 2295 licentia
863 2249 885 2294 a
907 2230 1004 2295 curia
1019 2232 1174 2296 recessit.
1225 2230 1307 2295 Rex

358 2329 478 2413 itaque
492 2330 593 2396 valde
610 2330 824 2412 indignatus,
843 2329 1053 2393 Cornubiam
1068 2349 1146 2393 cum
1163 2330 1307 2393 festinu-

360 2430 453 2493 tione
467 2429 602 2512 petivit,
617 2430 654 2492 in
669 2431 771 2493 urbes
787 2429 862 2512 ejus
877 2437 913 2493 et
927 2428 1053 2511 oppida
1067 2429 1182 2510 ignem
1204 2448 1308 2494 accu-

359 2528 518 2606 mulans;
547 2528 591 2590 ud
618 2528 776 2592 ultimum
807 2548 886 2591 cnm
916 2528 960 2591 ad
992 2528 1157 2610 oppidum
1181 2522 1307 2592 ¹Dimi-

358 2626 446 2690 lioth
467 2626 692 2708 pervenisset,
707 2626 866 2691 comitem
889 2628 1066 2691 obsessum
1089 2626 1132 2691 ad
1150 2628 1308 2709 praelium

360 2726 575 2805 provocavit.
628 2724 753 2789 Comes
770 2746 852 2791 vero
863 2727 1058 2791 inconsulte
1071 2745 1192 2808 agens,
1208 2727 1307 2808 oppi-

360 2823 442 2887 dum
464 2843 625 2905 egressus
653 2832 729 2903 est;
756 2826 816 2890 sed
838 2827 930 2889 inter
952 2827 1081 2908 primos
1105 2826 1235 2890 corruit
1257 2826 1307 2890 le-

358 2922 499 2987 thaliter
530 2923 743 2997 vulneratus,
770 2933 805 2988 et
838 2925 923 2988 socii
952 2925 1027 3008 ejus
1053 2925 1193 3008 penitus
1225 2934 1308 2990 sunt

240 3047 264 3077 o
283 3047 329 3128 ὦ·
357 3020 527 3105 dissipati.
580 3023 661 3087 Rex
678 3042 772 3099 vero,
785 3032 865 3104 post
880 3031 1026 3087 mortem
1040 3024 1145 3100 illius,
1161 3044 1306 3089 uxorem

357 3120 434 3204 ejus
460 3122 562 3185 duxit
576 3122 796 3186 matrimonio
817 3121 1027 3204 copulatam,
1050 3123 1238 3206 genuitque
1259 3144 1306 3188 ex

356 3238 399 3284 ea
427 3221 535 3286 lilium
559 3229 595 3285 ot
617 3221 743 3299 filiam3
767 3220 857 3284 filius
879 3228 996 3284 autem
1011 3219 1188 3287 Arthurus
1214 3223 1305 3287 dice·

356 3319 470 3396 batur,
486 3314 576 3384 ²lilia
592 3339 674 3386 vero
696 3318 811 3384 Anna.
864 3319 931 3383 Sed
948 3319 1135 3398 Artburns‚
1159 3329 1200 3386 ut
1218 3322 1306 3387 cele-

356 3418 427 3481 bris
442 3418 639 3497 haberetur,
656 3420 745 3483 mira
758 3419 932 3501 probitate
944 3420 1143 3502 promeruit.

590 3593 661 3656 Duo
676 3591 834 3675 mostellot
848 3600 1072 3656 coarmantur.

242 3756 330 3818 Μ
406 3712 511 3777 Anno
533 3715 655 3796 gratiae
681 3731 890 3793 ccccxcrx„
911 3723 1048 3780 mortuo
1073 3732 1165 3797 papa
1187 3711 1304 3778 Anas.

390 3877 574 3944 ¹Dt'railiotb.]
598 3881 669 3930 Near
690 3880 816 3944 Tintngell
841 3881 960 3931 attached
971 3887 998 3930 to
1008 3881 1037 3930 rt
1072 3879 1195 3929 whether
1208 3879 1272 3929 such
1288 3895 1306 3929 a

353 3947 442 3998 castle.
840 3966 931 4011 person
951 3966 980 4000 as
991 3950 1083 3999 Uther·
1083 3949 1229 4012 pendragon
1245 3963 1305 3999 ever

388 4011 816 4086 ’Filiarerodnaawhstheiore
840 4020 949 4082 existed,
967 4019 1017 4068 and
1034 4020 1058 4069 ii
1072 4019 1247 4068 sowhatwas
1263 4018 1304 4067 his

352 4103 429 4151 going
440 4094 509 4148 story
520 4090 814 4150 appearstorestsolely
839 4089 1002 4150 relatiouship
1031 4095 1057 4137 to
1078 4089 1230 4137 Ambrosius
1252 4088 1303 4137 and

351 4172 419 4218 upon
430 4158 472 4206 the
484 4157 612 4218 authority
623 4157 652 4206 os
660 4158 779 4221 Geolirey
787 4158 817 4208 oi
840 4158 960 4220 Arthnrs
954 4174 976 4207 rs
986 4173 1003 4207 a
1014 4162 1125 4220 mystery
1132 4157 1303 4207 thatremuins

352 4226 510 4288 Moumoutb,
521 4228 541 4275 it
552 4228 575 4277 is
586 4233 629 4276 not
639 4228 746 4279 difficult
757 4245 814 4292 per·
839 4235 882 4290 yet
904 4233 930 4276 to
951 4228 982 4276 be
1005 4227 1101 4277 solved.
1137 4226 1185 4275 See
1208 4226 1302 4290 Rapis,

350 4295 415 4357 hapa
431 4302 457 4345 to
473 4311 520 4358 say
532 4297 601 4348 what
612 4299 692 4349 credit
703 4299 725 4349 is
738 4303 764 4348 to
781 4301 812 4348 be
839 4299 856 4348 i.
869 4314 895 4360 p.
908 4301 948 4360 ³⁷,
960 4298 1010 4346 and
1020 4296 1114 4360 Spem,
1125 4310 1152 4357 p.
1164 4300 1221 4345 ³1⁶.
