3000 5004
488 423 627 471 anonas
651 423 921 475 maronianus.
1113 412 1178 476 147

220 573 404 642 habuimus
428 600 537 663 equos
554 582 708 659 vilior-ea,
733 581 789 645 vel
815 582 902 646 alias
926 582 1072 663 species,
1095 603 1174 666 quae

219 679 429 759 pauperibus
444 679 652 759 sufficereut,
668 690 704 746 et
719 681 750 744 si
766 701 835 746 non
850 683 900 745 eis
918 682 1018 745 dares
1033 702 1172 764 equum,

218 794 319 856 quem
351 779 414 842 tibi
447 782 645 862 specialiter
675 781 807 863 elegil'
876 780 943 845 Cui
974 781 1170 865 episcopus,

216 874 333 953 ‘Quid
364 879 539 962 loqueris:
567 883 692 963 iuquit,
717 886 826 958 ‘rex3
855 901 936 944 num
964 882 1026 945 tibi
1055 884 1170 947 carior

218 983 272 1038 est
284 977 343 1041 illc
358 978 450 1043 filius
466 999 577 1063 equae,
592 1000 695 1064 quam
720 980 778 1043 ille
794 981 887 1043 filius
908 981 975 1044 Dei
987 981 1019 1045 l’
1069 984 1169 1047 Tunc

217 1085 359 1156 reponte
389 1098 465 1156 rex,
494 1081 667 1162 poenitens
697 1079 740 1143 de
766 1081 873 1144 verbo
899 1080 991 1162 quod
1018 1080 1168 1160 dixerat,

217 1176 382 1241 continuo
404 1198 551 1260 surgens
573 1181 704 1245 corruit
717 1178 762 1243 ad
778 1179 883 1261 pedes
897 1179 1062 1261 episcopi,
1085 1201 1166 1262 pos·

218 1274 346 1353 tulans,
371 1285 411 1341 ut
436 1278 601 1343 offensam
633 1279 700 1343 sibi
730 1278 931 1353 dimitteret,
957 1278 1021 1343 tali
1047 1280 1166 1343 condi·

218 1372 310 1438 tione
341 1383 381 1440 ut
409 1377 452 1442 de
483 1387 610 1444 caetero
638 1385 806 1461 quantum
832 1377 982 1441 voluerit
1012 1378 1054 1441 de
1083 1381 1165 1443 sub·

216 1474 346 1539 stantia
363 1495 428 1540 sua
448 1477 528 1542 liliis
559 1479 626 1542 Dei
646 1478 797 1556 tribuat3
829 1476 921 1559 quod
948 1475 1068 1541 videns
1091 1480 1164 1560 epi-

215 1590 341 1655 scopus
356 1578 521 1642 contiuuo
546 1596 692 1660 surgens
712 1577 844 1641 levavit
856 1595 934 1640 eum
958 1577 1164 1659 promittens

215 1689 253 1733 se
275 1674 422 1740 multum
441 1676 493 1741 illi
507 1677 581 1742 sore
601 1678 789 1761 placatum,
805 1674 990 1739 dummodo
1011 1676 1164 1740 residens

216 1771 392 1838 tristitiam
420 1774 584 1859 deponat.
646 1776 804 1861 Cumque
826 1774 972 1857 jubente
1000 1776 1164 1858 episcopo

213 1888 276 1933 rex
290 1872 449 1939 laetitiam
471 1877 674 1959 susciperet,
689 1877 915 1941 contristatus
937 1881 991 1938 cst
1004 1876 1163 1957 pontifex

213 1968 433 2039 vehementer
462 1983 579 2060 atque,
609 1974 760 2058 profusis
789 1975 936 2039 ubertim
962 1974 1160 2058 lachrymis,

213 2067 410 2138 domesticis
433 2075 507 2139 suis
531 2075 645 2158 patria
671 2076 792 2156 lingua
818 2074 920 2150 dixit,
944 2072 1160 2158 ‘Nunquam

211 2174 294 2235 ante
316 2171 392 2237 haec
413 2173 577 2240 humilem
594 2174 666 2239 vidi
690 2194 827 2257 regem3
850 2172 1029 2237 nonenim
1053 2172 1161 2255 digna

212 2276 266 2332 est
286 2269 361 2336 haec
384 2274 482 2355 regio
497 2275 603 2338 talem
624 2273 751 2339 habere
766 2271 958 2337 rectorem.’
1004 2272 1047 2335 In
1070 2274 1159 2337 cari·

211 2375 285 2433 tate
309 2370 457 2455 denique
489 2373 555 2438 Dei
583 2381 620 2438 ct
648 2373 798 2456 proximi
822 2371 994 2455 perfectus
1020 2372 1158 2451 enituit,

209 2468 291 2533 dum
308 2470 344 2533 in
360 2472 427 2537 Dei
453 2473 637 2538 dilectione
659 2473 746 2537 adeo
768 2472 945 2556 proximos
961 2470 1096 2549 dilexit,
1118 2482 1158 2538 ut

209 2571 305 2649 genti
322 2573 485 2655 propriae,
501 2581 536 2637 ct
552 2574 644 2656 quod
661 2573 770 2655 pluris
785 2580 851 2649 est,
866 2571 980 2663 aliano
994 2572 1157 2654 sanguini

208 2687 367 2751 parcens,
376 2673 553 2755 proprium
566 2672 772 2754 sanguinem
787 2671 995 2755 profundere
1007 2680 1155 2737 curaret.
1212 2708 1215 2714 ·

208 2767 279 2833 Tot
300 2768 408 2851 igitur
423 2771 621 2856 talibusque
637 2771 824 2836 virtutibus
841 2770 992 2853 undique
1010 2772 1156 2835 circum·

208 2868 372 2947 vallatus,
387 2870 494 2953 digna
510 2872 586 2937 Deo
603 2871 718 2936 hostia
731 2870 874 2935 effectus
889 2870 933 2934 ad
951 2871 1156 2953 martyrium

204 2971 425 3050 properabat.

257 3068 390 3133 Passus
404 3063 474 3135 ¹est
488 3078 603 3134 autem
621 3068 841 3133 beatissimus
855 3088 916 3131 rex
936 3068 1098 3131 Oswinus
1118 3076 1154 3132 et

205 3175 338 3251 martyr
364 3171 468 3234 tertio
499 3170 632 3233 decimo
663 3167 718 3231 die
745 3167 970 3232 kalendarum
995 3167 1153 3249 Septem·
1180 3156 1188 3169 ‘

207 3267 331 3345 briam,
347 3287 440 3333 anno
457 3270 554 3352 regni
571 3269 647 3352 eJus
670 3286 773 3344 nono,
790 3267 825 3330 in
844 3267 932 3342 loco,
950 3267 1009 3348 qui
1027 3265 1154 3329 dicitur

205 3365 491 3450 ‘Ingetlingum’
505 3387 699 3451 corpusque
716 3364 791 3450 ejus
814 3365 858 3428 ad
881 3365 1061 3428 ecclesiam
1085 3365 1152 3429 Dei

204 3467 393 3548 genitricis,
422 3487 501 3552 quae
534 3469 570 3532 in
608 3468 699 3532 ostio
732 3466 842 3549 Tynae
876 3463 1040 3540 fluminis,
1072 3483 1152 3548 quae

203 3566 246 3630 ad
267 3567 464 3651 aquilonem
488 3568 558 3632 sita
582 3574 647 3645 est,
671 3565 825 3629 delatum
848 3571 882 3628 et
900 3564 964 3626 sub
993 3563 1073 3627 divo
1095 3583 1151 3626 se·

201 3666 337 3750 pultum
353 3675 417 3733 est.
471 3666 584 3731 Rudis
598 3666 689 3731 enim
705 3666 800 3730 natio
823 3665 978 3747 gentium
994 3670 1070 3727 erat
1082 3662 1151 3727 illis

202 3766 240 3831 in
260 3765 358 3844 locis,
381 3768 441 3831 ubi
470 3785 595 3849 corpus
618 3765 780 3848 martyris
803 3765 839 3827 in
861 3762 1076 3846 sarcophago
1098 3763 1151 3827 la-

200 3864 304 3948 pideo
328 3867 364 3929 in
386 3866 503 3931 abdito
522 3866 600 3929 sinu
616 3873 717 3930 terrae
734 3862 948 3929 reconditum
963 3870 1028 3939 est,
1043 3881 1152 3945 quan-

202 3964 316 4049 doque
339 3966 375 4030 in
396 3967 509 4031 lucem
533 3986 595 4048 per
622 3964 691 4028 Dei
718 3963 867 4068 qratiam
895 3961 1149 4044 proferendum.

298 4205 307 4238 ¹
320 4209 415 4259 Parrus
427 4209 486 4272 ert]
503 4208 551 4257 See
562 4207 603 4256 his
619 4205 663 4255 lile
675 4205 701 4253 in
714 4203 781 4253 Nou.
794 4201 906 4263 legend.
918 4201 996 4251 ccliii.
1007 4201 1033 4250 b.

984 4298 998 4333 ι
1013 4289 1030 4335 2
