3000 5004
466 422 606 471 ruoaas
629 423 900 474 srsroarsauu.
1092 404 1157 470 207

520 649 651 716 Carolus
664 651 842 736 tmpeoror

252 772 358 839 Anno
367 772 510 839 Domum
521 790 640 839 nocer
651 768 817 841 ¹Carolus
831 794 894 839 rex
908 791 1224 858 magnus,cumA1>
1234 792 1280 831 ⁸⁰¹
1333 775 1338 783 ’

202 873 239 937 ἰιι
261 874 347 937 urbe
365 872 481 937 Roma
501 874 661 956 plurima,
679 894 758 957 quae
784 873 828 938 ad
851 874 1015 940 honorem
1032 876 1100 940 Dei
1123 841 1320 941 etcum

203 973 390 1037 utilitatem
413 974 533 1056 populi
552 973 770 1055 spectabant,
787 973 1054 1056 disposuissets
1044 994 1080 1039 ιιι
1103 975 1159 1040 die

203 1072 397 1136 Domiuicse
412 1071 619 1148 sauvitatis,
634 1091 712 1137 cum
729 1072 886 1149 ducibus,
898 1074 1160 1154 magistratibus

205 1178 241 1236 et
255 1170 422 1235 militibus
434 1178 470 1235 et
484 1172 587 1236 turba
601 1190 729 1252 magna
742 1172 856 1248 nimis,
867 1172 1047 1236 basilicam
1062 1175 1159 1255 prin·

202 1270 291 1353 cipis
315 1271 552 1353 apostolorum
574 1269 672 1335 Petri
695 1270 901 1352 ingreditur,
923 1272 982 1335 ubi
1005 1290 1027 1335 a
1049 1269 1160 1336 domi·

204 1389 250 1433 no
276 1388 369 1452 papa
387 1369 504 1434 Leone
528 1388 683 1452 purpura
705 1370 815 1452 regali
841 1367 1009 1448 induitur,
1031 1389 1160 1435 corona

200 1487 311 1534 aurea
332 1469 439 1551 capiti
462 1468 539 1553 ejus
562 1466 764 1551 imponitur,
788 1476 823 1533 et
846 1470 962 1551 regale
984 1476 1159 1553 sceptrum

201 1568 238 1633 ei
260 1568 297 1633 iu
319 1567 478 1631 manibus
501 1568 623 1648 datur3
656 1567 747 1632 hanc
772 1567 978 1650 dignitatem
1004 1569 1083 1653 ipsa
1104 1568 1160 1634 die

206 1673 325 1733 tantus
351 1667 540 1750 imperator
569 1675 605 1732 et
638 1666 930 1748 magnificentiam
958 1669 1160 1749 promeruit,

198 1772 245 1829 ,ut
258 1767 448 1849 imperator
461 1767 570 1833 totius
586 1766 679 1830 orbis
691 1758 875 1830 vocaretur
885 1774 921 1831 et
937 1774 1042 1831 esset.
1075 1765 1160 1849 Ipso

205 1884 345 1948 quoque
369 1872 524 1947 tempore
553 1865 674 1931 directi
706 1873 790 1930 sunt
816 1864 1018 1931 Graecorum
1053 1865 1161 1948 legati

205 1984 285 2029 cum
304 1965 417 2029 xeniis
440 1964 728 2047 impretiabilibus
749 1965 794 2028 ab
809 1966 894 2029 urbe
911 1964 1160 2030 Constantino·

204 2063 363 2147 politana
377 2063 421 2130 ad
433 2062 609 2141 Carolum,
621 2071 786 2146 rogantes
801 2063 1001 2143 instantius,
1018 2070 1059 2128 ut
1074 2064 1159 2128 illud

204 2162 387 2246 imperium
409 2164 585 2245 suscipere
610 2163 833 2245 dignaretur;
863 2163 941 2227 istis
965 2170 1082 2228 autem
1110 2163 1160 2228 lo·

202 2263 296 2344 gatis
313 2261 427 2327 adhuc
449 2262 678 2344 praesentibus
701 2262 746 2326 ab
764 2261 1020 2346 Hierosolymis
1037 2262 1161 2327 directi

205 2369 290 2429 sunt
305 2360 419 2427 nuntii
431 2380 453 2424 a
467 2361 606 2444 populis
618 2359 838 2438 Christianis,
853 2361 988 2427 clericis
999 2360 1160 2427 videlicet

204 2467 241 2526 et
254 2459 365 2538 laicis,
377 2459 422 2524 ad
433 2459 598 2526 carolum
614 2479 726 2542 nuper
738 2459 981 2543 imperatorem
992 2467 1160 2539 creatum,

205 2558 373 2625 vexillum
400 2566 604 2642 argenteum
628 2559 703 2640 regi
728 2558 820 2624 inter
847 2558 918 2623 alia
945 2579 1089 2625 munera
1109 2559 1160 2625 t'e·

203 2666 331 2736 rentes,
340 2677 420 2723 cum
435 2658 594 2723 clavibus
607 2657 763 2723 locorum
777 2659 1074 2725 sanctissimorum
1085 2659 1159 2724 Do·

204 2758 341 2822 mirice
363 2757 625 2824 resurrectionis
649 2764 685 2822 et
707 2757 854 2822 aliorum
876 2759 1076 2836 multorum,
1098 2759 1160 2823 ob·

206 2857 324 2923 nixius
339 2856 551 2939 flagitantes,
566 2864 739 2921 uteorum
753 2855 914 2921 defensor
930 2865 966 2923 et
988 2859 1160 2940 guberna-

204 2963 261 3021 tor
275 2975 352 3022 esse
366 2955 580 3038 dignaretur.
631 2953 769 3021 Annuit
784 2957 972 3039 imperator
984 2956 1159 3040 piissimus

204 3056 363 3120 omnibus
385 3055 429 3121 ad
452 3075 491 3119 se
513 3055 794 3136 confugientibus
814 3055 907 3139 quod
929 3057 1106 3138 petebant,
1123 3063 1160 3120 et

205 3174 276 3220 uon
292 3155 404 3219 solum
418 3175 456 3220 se
471 3154 544 3220 fore
561 3162 722 3238 paratum
740 3154 785 3219 ad
801 3154 1032 3219 devincendos
1047 3155 1159 3235 crucis

204 3254 363 3321 inimicos
386 3254 422 3318 in
439 3261 546 3332 terra,
560 3272 680 3319 verum
698 3255 804 3321 etiam
821 3262 857 3320 et
874 3253 911 3318 iu
931 3255 1030 3333 mari,
1045 3254 1076 3319 si
1098 3273 1158 3334 ne·

203 3354 349 3419 cessitas
363 3353 609 3438 compulisset3
637 3352 812 3418 intellexit
828 3353 921 3417 enim
940 3353 1062 3419 beatas
1082 3372 1159 3425 esse

205 3453 418 3535 respublicas
435 3453 491 3519 vel
507 3452 538 3516 si
552 3452 732 3536 sapientiae
747 3451 895 3517 studiosi
910 3471 969 3516 eas
986 3459 1158 3535 regerent,

204 3552 261 3616 vel
282 3553 314 3617 si
338 3571 457 3617 earum
484 3560 637 3617 rectores
661 3550 801 3616 studere
824 3550 1004 3634 sapientiae
1026 3551 1158 3616 voluis-

203 3658 294 3717 sent.
345 3651 482 3716 Deinde
508 3651 553 3714 ad
577 3652 696 3716 urbem
715 3650 920 3716 Ravennam
942 3651 1159 3733 perveniens,

202 3750 247 3819 de
284 3751 387 3815 rebus
414 3750 590 3836 praedictis
619 3770 698 3816 cum
726 3751 952 3835 optimatibus
981 3751 1053 3817 suis
1081 3750 1159 3823 ‹iili2

201 3856 325 3933 genter
340 3850 516 3915 tractavit.

239 4119 365 4243 ’ξῶωἱιιι
384 4141 432 4176 ees
452 4126 577 4192 magam]
608 4127 733 4189 Compare
754 4127 881 4178 Batonius
897 4125 948 4175 and
964 4125 989 4174 le
1007 4125 1108 4186 Cointe,
1125 4122 1159 4172 ad

203 4207 246 4243 aa.
310 4229 316 4243 .
