3000 5004
463 491 599 539 nunnus
624 491 892 540 nrsronmnun.
1088 477 1153 542 399

202 652 307 716 nimia
334 671 520 716 succensus
548 654 601 716 ira
630 654 672 716 de
700 672 820 716 mensa
847 653 962 716 subito
988 653 1153 730 exsilivit,

201 758 307 834 atque
335 752 505 816 latronem
531 772 593 835 per
617 753 761 836 capillos
790 753 960 835 arripiens
990 754 1026 816 in
1055 754 1153 835 pavi-

202 861 356 915 mentum
373 851 530 935 projecit.
583 851 634 916 At
658 852 814 934 proditor
835 851 906 929 ille,
930 872 1008 916 curn
1032 872 1069 916 se
1096 853 1156 915 lae-

202 970 278 1015 sum
294 970 477 1035 regemque
497 952 532 1014 in
550 971 588 1015 se
601 952 774 1035 jacentem
799 953 977 1028 sensisset,
995 960 1154 1016 extracto

203 1052 300 1114 ocius
323 1050 476 1127 cultello,
491 1071 593 1133 quem
611 1051 745 1115 occulte
762 1049 906 1127 ferebat,
924 1071 1054 1132 regem,
1068 1051 1154 1134 proh

203 1149 320 1214 dolor!
342 1150 531 1233 jugulavit.
584 1150 752 1215 Videntes
776 1150 868 1230 regis
891 1150 1017 1213 milites
1039 1159 1075 1214 et
1092 1152 1156 1213 mi·

203 1250 306 1314 nistri
319 1249 494 1313 dominum
510 1269 610 1312 suum
627 1256 799 1313 mortuum
821 1255 856 1311 et
872 1251 1042 1330 sangnine
1059 1250 1155 1313 tabe·

203 1347 345 1425 factum,
360 1348 534 1413 irruerunt
550 1369 670 1413 omnes
683 1349 719 1410 in
736 1349 906 1412 latronem
922 1349 1031 1427 illum,
1049 1357 1155 1431 atque

205 1466 331 1530 corpus
355 1449 430 1532 ejus
446 1457 559 1514 totum
584 1457 619 1513 et
636 1468 716 1513 ossa
740 1448 777 1510 iu
798 1447 909 1511 frusta
926 1448 1156 1512 minutissima

205 1547 448 1626 conciderunt3
465 1548 584 1632 sicque
600 1549 731 1613 clarum
754 1547 881 1628 regalis
898 1548 1048 1612 convivii
1063 1549 1156 1631 prin·

205 1646 333 1730 cipium
362 1648 549 1713 nebulosus
580 1667 694 1712 rerum
728 1655 904 1728 gestarum
937 1648 1053 1711 exitus
1087 1656 1156 1711 ter·

208 1747 365 1812 minavit.

350 1888 399 1951 Do
413 1886 605 1952 coronatione
613 1886 754 1972 piiss-imi
770 1888 851 1974 repis
865 1887 1017 1952 Eodredi.

259 2010 433 2077 Defuncto
471 2012 589 2095 itaque
627 2030 709 2092 rege
746 2011 964 2088 Eadmundo,
1002 2021 1037 2075 et
1066 2012 1296 2093 apudcoronnron

210 2109 429 2176 Glastoniam
464 2112 613 2194 sepulto,
645 2105 841 2174 ¹Eadredus
872 2111 980 2174 frater
1016 2109 1091 2193 ejus
1125 2079 1291 2173 111ΘΗΜΜῘΙ

211 2209 442 2292 Kingestona,
467 2211 551 2274 villa
576 2211 684 2291 regia,
707 2211 805 2291 regni
830 2209 988 2273 diadema
1010 2228 1032 2272 a
1057 2211 1160 2275 beato

211 2309 361 2387 Othone,
377 2309 635 2393 archiepiscopo
645 2310 899 2384 cantuariensi,
915 2309 1068 2391 suscepit
1082 2329 1161 2392 sep-

210 2409 295 2473 timo
338 2410 471 2473 decimo
510 2408 678 2473 kalendas
719 2409 940 2491 Septembris.
1003 2408 1161 2490 Reliquit

210 2527 348 2591 quoque
368 2509 456 2572 duos
473 2509 563 2572 filios
582 2508 736 2572 haeredes
753 2509 938 2591 legitimos,
956 2508 1164 2573 Eadwinum-

214 2615 250 2672 et
268 2607 480 2690 Eadgarum,
503 2609 575 2690 qui,
598 2616 813 2690 repugnante
837 2608 1018 2690 illegitima
1044 2615 1161 2686 aetate,

212 2707 304 2789 patri
334 2707 517 2771 succedere
550 2727 619 2771 uon
654 2708 830 2771 valebant.
884 2707 966 2785 Hic,
1004 2716 1044 2772 ut
1077 2728 1161 2771 suus

214 2825 398 2887 germanus
430 2807 526 2889 prius
558 2815 679 2889 egerat
708 2827 770 2870 rex
800 2806 1037 2883 EadmunduS,
1069 2807 1162 2870 Nor-

214 2905 492 2970 thanhumhriam
511 2913 621 2970 totam
643 2907 679 2968 iu
702 2907 755 2970 sui
770 2906 958 2970 dominium
974 2906 1162 2983 redactam,

214 3023 237 3068 a
257 3024 339 3087 rege
362 3004 543 3070 Scotorum
572 3005 773 3071 fidelitatem
796 3007 942 3087 accepit,
965 3013 1000 3069 et
1022 3005 1163 3087 insuper

216 3101 427 3169 Eborace'nsi
457 3103 611 3168 ecclesiae
644 3105 919 3187 metropolitanae
956 3104 1024 3168 duo
1061 3105 1164 3185 signa

215 3222 284 3267 non
316 3204 452 3268 modica
481 3203 627 3268 devotus
652 3204 817 3282 donavit;
848 3204 1008 3286 denique,
1034 3222 1113 3266 cum
1142 3223 1164 3266 a

217 3301 445 3368 Cumhrorum
481 3323 563 3384 rege
589 3303 824 3387 juramentum
857 3302 1034 3366 fidelitatis
1066 3321 1164 3366 acce-

216 3402 325 3484 pisset
361 3411 396 3467 et
429 3413 545 3485 partes
579 3403 657 3466 illas
689 3401 725 3465 iu
756 3403 944 3466 securitate
978 3402 1165 3484 posuisset,

218 3520 338 3565 versus
369 3511 525 3566 austrum
554 3522 631 3567 cum
662 3503 735 3565 suis
765 3500 953 3565 contendit.
1007 3499 1078 3564 Hic
1102 3519 1165 3563 au·

216 3608 286 3664 tem
319 3621 381 3665 rex
418 3602 556 3678 nobilis,
594 3621 663 3667 nou
700 3600 818 3684 dispar
856 3601 1166 3683 praedecessoribus

216 3700 301 3777 suis,
332 3701 472 3765 beatum
497 3702 719 3765 Dunstauum
743 3709 843 3765 tanto
865 3701 1021 3765 caritatis
1043 3700 1166 3763 ardore

218 3798 352 3877 dilexit,
375 3810 414 3865 ut
436 3821 555 3866 omnes
580 3801 761 3866 thesauros
787 3821 869 3865 suos
893 3802 958 3864 sub
986 3800 1060 3884 ejus
1088 3819 1166 3863 cus·

219 3899 314 3963 todia
346 3900 613 3964 commendaret.
673 3894 827 3964 ²Beatus
857 3901 988 3965 interea
1023 3899 1167 3976 EliciuS,

255 4056 401 4107 ¹Eodredur
416 4060 501 4118 frater
522 4053 600 4127 eiua]
629 4059 684 4107 'l'he
710 4059 739 4107 os
752 4059 853 4107 Eadred
870 4058 964 4107 111948.
1001 4057 1174 4106 Acharterof

220 4127 279 4176 date
291 4129 316 4175 iu
328 4127 370 4176 the
388 4133 443 4177 text
453 4129 552 4179 follows
564 4129 684 4177 Floreuee
710 4127 752 4177 the
760 4127 1015 4189 latter,duted947,is
1023 4127 1048 4174 in
1057 4126 1099 4174 the
1106 4126 1170 4176 Cod.

221 4196 271 4246 aud
291 4197 384 4246 others.
420 4199 521 4248 Simeon
531 4198 561 4247 ol
570 4199 683 4247 Dnrhum
711 4198 823 4258 Diplom.
836 4198 913 4258 Aegl.
925 4197 985 4245 Sar.
998 4197 1025 4246 ii.
1037 4211 1063 4257 p.
1075 4199 1132 4244 213.

221 4266 271 4315 und
284 4267 445 4317 Ethelweurd
461 4270 533 4330 place
551 4268 594 4317 the
608 4267 684 4317 death
746 4264 856 4315 'Beatus
866 4267 958 4313 intereo
972 4264 1086 4328 Eisdem]
1098 4265 1171 4313 From

221 4336 251 4384 os
265 4337 401 4387 Eadmund
413 4338 464 4387 und
481 4338 523 4387 the
540 4338 684 4387 successiou
712 4335 834 4385 Osbem's
844 4334 887 4383 lile
898 4335 927 4383 ol
939 4334 1171 4397 Duustan,p.102.
