3000 5004
351 448 418 514 284
611 463 744 511 nocam
771 464 817 510 na
840 465 1047 512 wannovnn

350 623 398 685 sit
412 642 474 705 pro
490 642 532 685 eo
550 623 651 685 annis
666 621 868 685 octodecim.
904 621 950 684 Et
964 620 1084 684 eodem
1100 639 1192 684 anno
1209 620 1307 684 facta

350 729 404 785 est
429 717 584 804 ¹eclipsis
605 721 701 798 solis,
725 721 811 785 hora
833 721 901 784 diei
924 729 1038 798 sexta,
1061 719 1220 784 kalendis
1238 719 1308 783 Oc-

352 822 473 884 tobris.

527 1018 576 1080 De
590 1017 755 1081 nativitate
769 1017 902 1102 Alsrodi
909 1027 1017 1102 postea
1031 1016 1120 1103 repta

402 1139 507 1205 Anno
524 1141 666 1205 Domini
683 1157 885 1204 ncccxnrx.
902 1134 1024 1204 'natus
1038 1148 1092 1204 est
1103 1138 1308 1217 Athelwlfo,

211 1271 223 1297 e
278 1286 285 1298 ·
352 1243 426 1323 regi
455 1240 718 1304 occidentalium
738 1240 929 1317 Saxonum,
952 1240 1042 1303 filins
1068 1240 1103 1302 in
1126 1240 1309 1322 provincia

353 1341 518 1405 Bercensi
527 1341 561 1402 in
576 1339 658 1402 villa
669 1339 777 1420 regia,
788 1358 867 1421 quae
877 1339 1088 1421 Wanetinge
1097 1339 1309 1422 appellatur,

353 1461 454 1524 quem
474 1442 509 1503 in
532 1457 633 1501 sacra
649 1439 867 1520 baptismatis
889 1439 1150 1520 regeneratione
1166 1440 1309 1503 vocavit

352 1537 555 1616 Alfredum;
587 1546 698 1601 mater
720 1557 803 1601 vero
829 1537 906 1621 ejus
929 1537 1092 1620 Osburga
1114 1538 1308 1616 dicebatur,

354 1639 497 1702 foemina
519 1639 605 1701 satis
626 1637 800 1719 religiosa,
819 1637 925 1700 nobili
947 1657 1072 1719 genere
1093 1644 1128 1701 et
1152 1638 1308 1719 ingenio,

355 1756 434 1819 quae
451 1737 523 1799 filia
541 1744 615 1800 erat
632 1735 748 1800 Asiati
765 1736 888 1799 famosi
909 1738 1083 1819 pincernae
1104 1737 1198 1817 regis
1215 1735 1308 1800 Ath-

354 1836 469 1899 elwlfi.
522 1834 630 1898 Ortus
653 1837 741 1898 enim
766 1844 842 1899 erat
864 1855 909 1898 ex
927 1835 1054 1900 Gothis
1070 1844 1105 1899 et
1121 1835 1241 1900 Juthis
1264 1835 1309 1900 de

354 1935 485 1998 semine
507 1934 654 1998 duorum
676 1933 822 1998 fratrum
845 1933 957 2016 Stuph
981 1935 1113 1999 scilicet
1134 1943 1170 1999 et
1191 1934 1310 1999 With-

355 2034 457 2116 gari3
480 2032 516 2096 hi
539 2040 712 2116 potestate
732 2041 876 2115 accepta
892 2035 936 2097 ab
955 2035 1128 2098 avunculo
1145 2053 1209 2097 suo
1226 2055 1310 2118 rege

355 2133 647 2199 west-saxonum
666 2141 700 2196 et
714 2130 865 2196 Kenrico
883 2135 1088 2199 consobrino
1105 2154 1223 2198 eorum
1235 2137 1308 2217 pri-

354 2252 411 2298 mo
429 2233 552 2297 Vectae
568 2232 691 2295 insulae
708 2252 837 2314 paucos
854 2233 1029 2310 Britones,
1046 2253 1134 2315 qnos
1150 2233 1308 2316 eJnsdem

356 2333 479 2397 insulae
501 2333 638 2395 accolas
657 2333 875 2409 invenerunt,
898 2334 934 2396 iu
953 2334 1031 2397 loco
1049 2335 1107 2415 qni
1125 2332 1310 2416 ‘Withga-

355 2431 554 2508 resburich,'
568 2431 604 2494 id
619 2438 673 2521 est
691 2432 838 2513 burgum
855 2431 1044 2513 Withgari,
1060 2432 1197 2509 dicitur,
1211 2453 1312 2516 pere-

355 2538 505 2608 merunt,
520 2537 625 2613 atque
642 2531 803 2614 deinceps
824 2531 973 2594 insulam
995 2531 1103 2608 illam,
1126 2539 1165 2595 ut
1186 2551 1309 2616 supra-

357 2630 486 2694 dictum
502 2638 567 2706 est,
585 2638 789 2711 occupatam
804 2629 1044 2711 possederunt.

409 2723 556 2793 Eodem⁸
576 2749 667 2793 anno
691 2731 726 2793 in
752 2730 872 2812 vigilia
897 2724 1122 2795 Pentecostes
1150 2730 1306 2796 Bertfer·

358 2829 439 2892 thus
467 2830 557 2910 regis
581 2829 789 2893 Marciorum
822 2829 925 2905 filius,
952 2829 1084 2893 scilicet
1115 2829 1308 2909 Berthwlfi,

357 2936 544 3010 cognatum
564 2947 665 2991 snum
683 2937 843 2993 sanetum
856 2929 1056 2993 Wlstannm
1077 2928 1206 3012 injuste
1228 2951 1307 3013 per-

358 3031 454 3105 emit,
492 3035 567 3092 erat
607 3036 723 3090 autem
763 3021 886 3109 ‘nepos
923 3028 1069 3093 duorum
1103 3048 1224 3111 regum
1265 3030 1308 3095 de

357 3148 464 3210 regno
481 3127 701 3191 Marciorum.
739 3126 874 3209 Corpus
887 3147 969 3191 vero
992 3128 1143 3191 defuncti
1166 3129 1210 3193 ad
1234 3150 1308 3193 mo·

358 3229 544 3291 nasterium
581 3235 664 3290 tuuc
702 3228 866 3308 temporis
902 3226 1180 3305 famosissimum,
1213 3231 1308 3312 quod

359 3326 576 3409 Rependnna
608 3326 798 3402 dicebatur,
823 3326 975 3389 delatum
1007 3334 1042 3390 et
1069 3327 1105 3388 in
1130 3329 1309 3394 mausoleo

357 3427 414 3489 avi
445 3427 511 3502 sui,
546 3427 638 3507 regis
666 3425 798 3502 Wilafi,
827 3424 953 3489 dicitur
983 3426 1214 3506 tumulatum
1248 3429 1308 3493 sed

357 3525 449 3589 illius
482 3526 650 3607 martyrio
682 3525 835 3589 caelestia
859 3544 928 3588 non
961 3525 1099 3589 defuere
1129 3527 1310 3604 miracula,

356 3643 437 3687 nam
454 3623 496 3686 de
516 3624 592 3686 loco
613 3624 671 3686 ubi
690 3625 890 3688 innocenter
912 3625 1048 3688 occisus
1065 3632 1131 3702 est,
1146 3626 1311 3692 columna

395 3892 402 3922 ¹
416 3894 524 3956 Eetipn'a
542 3896 600 3944 rotie
609 3897 631 3959 ,·]
659 3902 702 3944 not
719 3898 818 3947 noticed
882 3897 994 3950 ⁸Ecdem
1000 3901 1085 3965 uam]
1095 3900 1217 3951 F'lorence
1224 3902 1312 3965 places

357 3964 391 4026 by
400 3964 538 4024 Calvisius,
544 3981 573 4014 or
583 3965 625 4014 the
634 3965 706 4014 other
712 3968 820 4029 English
847 3970 898 4019 this
908 3976 982 4019 event
993 3973 1019 4020 in
1027 3971 1069 4020 the
1077 3972 1312 4035 subsequentyeur.

357 4035 517 4085 chroniclers.
882 4038 987 4103 ⁴Nepcs
1001 4042 1103 4089 damna
1124 4042 1233 4107 regum]
1269 4044 1312 4093 He

392 4103 402 4132 ²
415 4106 497 4154 Natus
515 4110 550 4153 est
570 4104 724 4170 Athelwtso]
745 4107 821 4158 Com·
847 4124 901 4158 was
912 4109 954 4159 the
965 4125 1011 4159 son
1022 4110 1051 4159 of
1056 4111 1254 4174 Wigmund‚the
1266 4128 1312 4162 son

358 4189 418 4236 pare
430 4176 530 4224 daser’s
542 4175 584 4225 life
596 4176 625 4225 of
633 4176 748 4239 Aelfred,
759 4179 820 4228 edit.
847 4179 876 4227 of
891 4180 953 4241 king
968 4181 1085 4242 Uuiglass
1102 4181 1137 4241 by
1148 4182 1258 4244 Aeldad,
1269 4183 1312 4232 the

359 4243 438 4304 wisa,
450 4261 476 4307 p.
490 4250 513 4295 ³.
847 4249 972 4311 daughter
983 4250 1012 4300 of
1019 4249 1154 4311 cantuum
1172 4251 1306 4305 Homnae.
