2932 4980
173 864 240 903 order
248 862 272 901 oi
277 864 299 902 s.

172 914 186 953 J
187 915 229 952 obn
238 912 262 951 ot
268 913 303 952 le·

173 963 272 1003 nicalem.

329 474 395 539 118
577 487 710 535 nocnar
735 487 783 535 na
805 486 1014 536 wunnovna

509 717 558 780 De
572 716 690 802 oriyioo
705 715 827 780 ordiale
840 714 963 781 militia
980 712 1117 799 Templi.

384 835 625 924 ¹Temporibus
640 838 809 916 Heraclii,
822 838 974 904 Romani
987 837 1237 921 immtatoris,
1250 840 1304 903 in-

337 940 592 1005 valescentibus
626 947 749 1004 contra
782 958 861 1003 eum
893 938 1034 1003 Arabiae
1058 938 1304 1021 principibus,

335 1059 480 1121 regnum
496 1038 820 1124 Hierosolymorum
844 1057 921 1102 cum
948 1037 1051 1120 Syria
1074 1044 1116 1100 et
1132 1038 1302 1121 AEgypto

337 1146 412 1204 tota
437 1139 473 1201 in
495 1158 618 1201 manus
642 1138 893 1202 Saracenorum
914 1136 1042 1218 legitur
1069 1135 1299 1201 devolutum.

337 1237 417 1317 Quo
431 1245 584 1321 tempore
606 1237 708 1301 multi
732 1238 811 1300 loca
833 1242 968 1313 sancta,
981 1235 1063 1299 licet
1084 1237 1154 1299 snb
1175 1243 1300 1318 potas·

337 1345 409 1402 tate
426 1336 577 1401 hostium
595 1335 674 1400 fidoi
693 1335 901 1401 Christianae
924 1335 1130 1412 constituta,
1146 1335 1298 1417 quidam

336 1436 531 1513 devotione,
562 1435 701 1517 quidam
729 1435 1027 1499 mercimoniorum
1050 1434 1186 1515 gratia,
1215 1436 1300 1499 visi-

339 1543 413 1599 tare
438 1535 618 1612 solebant;
641 1535 731 1598 inter
756 1553 844 1616 quos
859 1534 923 1597 viri
949 1532 1089 1616 quidam
1115 1532 1161 1596 de
1189 1533 1299 1598 Italia

338 1636 399 1717 qui
421 1634 538 1697 urbem
553 1620 738 1697 Amalfiam
766 1632 1020 1709 inhabitabant,
1042 1650 1112 1695 non
1139 1631 1256 1716 longe
1277 1654 1299 1697 a

337 1732 481 1796 Salerno
496 1733 629 1796 famosa
645 1733 787 1797 civitate
799 1732 915 1809 sitam,
931 1750 1062 1796 merces
1071 1734 1298 1814 peregrinas,

338 1841 374 1897 et
393 1851 481 1914 quas
495 1833 590 1915 prius
605 1831 730 1896 Oriens
752 1851 822 1896 non
844 1831 1005 1907 habebat,
1021 1830 1116 1913 apud
1134 1828 1298 1897 Alexan-

338 1932 460 2008 driam,
477 1952 555 2013 quae
573 1930 696 1995 ultima
718 1931 842 1995 civitas
859 1938 913 1996 est
930 1928 1090 2013 AEgypti,
1104 1930 1201 1996 lucri
1216 1940 1299 2015 gra-

339 2032 389 2094 tia
418 2030 558 2112 navigio
588 2030 723 2094 adferre
751 2030 931 2109 solebant;
963 2029 1054 2094 unde
1092 2035 1170 2093 tam
1205 2033 1299 2115 regis

338 2150 442 2213 quam
465 2129 658 2212 principum
685 2149 826 2193 suorum
849 2128 989 2212 plenam
1009 2129 1196 2193 consecuti
1218 2151 1300 2214 gra·

340 2230 436 2305 tiam,
461 2230 561 2310 quasi
587 2229 821 2310 negotiatores
845 2249 957 2293 rerum
983 2226 1135 2305 utilium,
1162 2248 1300 2297 merces

339 2327 608 2392 circumferendo
639 2327 813 2409 regionem
847 2335 955 2392 totam
986 2327 1094 2391 libere
1127 2336 1301 2409 poterant

339 2428 494 2491 circuire.
546 2427 704 2507 Contigit
727 2447 823 2509 ergo,
837 2427 929 2509 quod
947 2446 1025 2490 cum
1038 2436 1162 2491 essent
1179 2428 1302 2494 Chris·

340 2526 437 2602 tiani,
454 2527 589 2607 quoties
608 2527 849 2608 opportunitas
863 2530 903 2590 'se
920 2525 1056 2602 obtulit,
1076 2533 1120 2589 ut
1137 2526 1229 2595 loca
1241 2550 1300 2596 vc·

341 2625 508 2688 nerabilia
525 2634 656 2689 sanctae
674 2625 827 2691 civitatis
842 2625 1009 2690 orationis
1031 2643 1072 2688 ac
1092 2625 1299 2696 devotionis

340 2725 455 2805 gratia
470 2725 673 2803 visitarent3
698 2746 766 2789 non
787 2726 953 2790 habentes
977 2730 1093 2789 autam
1109 2725 1149 2787 in
1177 2731 1301 2794 eadem

340 2825 482 2888 civitate
508 2824 717 2889 domicilium
740 2833 871 2889 certum
895 2826 932 2889 in
957 2843 1026 2906 quo
1048 2835 1205 2907 possent
1228 2850 1301 2894 mo-

341 2942 413 2986 ram
446 2924 559 2987 facore
591 2926 833 3002 necessariam,
865 2922 1047 3006 Calipham
1083 2924 1300 3011 AEgyptium

340 3023 469 3087 adeunt
484 3033 519 3086 ct
533 3023 670 3104 plenam
693 3024 769 3107 ejus
791 3024 940 3106 gratiam
954 3022 997 3086 de
1017 3023 1090 3087 suis
1113 3028 1299 3106 petitioni·

339 3123 403 3185 bus
426 3124 626 3204 impetrant.
678 3123 823 3205 Scripsit
855 3142 938 3204 ergo
965 3120 1114 3204 Calipha
1149 3128 1296 3208 praesidi

341 3220 664 3303 Hierosolymorum
679 3222 814 3285 litteras
832 3230 1003 3304 patentes,
1017 3228 1057 3284 ut
1070 3221 1163 3287 viris
1177 3224 1299 3291 Amal·

340 3320 467 3398 titanis,
484 3341 597 3385 rerum
613 3321 748 3385 utilium
766 3322 1072 3397 introductoribus,
1087 3319 1197 3389 locus
1214 3326 1297 3391 Hie·

340 3421 523 3503 rosolymis
544 3421 650 3504 juxta
679 3434 799 3484 eorum
827 3420 1034 3485 desiderium
1062 3419 1101 3484 in
1129 3442 1180 3488 ea
1203 3434 1298 3509 parte

375 3633 383 3665 ¹
406 3636 561 3698 Temporibus
581 3636 716 3699 Heraclii]
740 3636 803 3685 'l'his
828 3637 851 3684 is
868 3636 968 3697 enough
982 3640 1008 3684 to
1027 3642 1139 3686 account
1152 3640 1253 3693 forthc
1267 3645 1300 3693 ia·

341 3710 448 3754 account
459 3706 488 3752 oi
500 3706 543 3753 the
560 3705 701 3753 institution
719 3705 747 3753 oi
760 3707 802 3755 the
828 3707 920 3754 sertion
934 3705 963 3754 of
977 3705 1045 3754 them
1062 3706 1091 3754 in
1106 3707 1164 3759 this
1177 3714 1255 3775 place
1269 3714 1299 3775 by

341 3774 450 3822 orderoi
457 3774 499 3822 the
512 3774 803 3835 KnightsHospitallers
827 3775 977 3824 Wendover.
1014 3776 1091 3836 Upon
1108 3776 1156 3827 the
1175 3784 1263 3847 origin
1277 3782 1302 3833 ol

341 3842 371 3890 os
378 3845 404 3891 S.
416 3844 483 3892 John
494 3846 523 3892 oi
530 3845 673 3893 Jerusalem
687 3846 709 3891 is
725 3843 802 3892 taken
827 3844 878 3891 this
895 3845 968 3892 order
985 3844 1027 3892 the
1046 3845 1140 3897 render
1161 3864 1228 3915 may
1247 3868 1299 3903 con·

342 3913 429 3973 nearly
442 3915 561 3962 verbatim
579 3914 641 3961 from
653 3914 765 3961 ll'illiam
778 3914 807 3961 os
827 3915 879 3961 sult
899 3913 974 3975 Pagi,
992 3914 1019 3961 in
1033 3914 1131 3967 Anum.
1152 3920 1257 3975 llam,
1271 3922 1298 3973 ad

341 3982 416 4044 Tyre,
428 3983 497 4032 llist.
510 3984 637 4032 Hierosol.
646 3985 711 4031 inter
722 3983 802 4031 Gesta
827 3997 869 4031 an.
882 3987 957 4041 luem
976 3983 1113 4045 Mabillou,
1124 3988 1231 4044 Annei.
1243 4009 1298 4055 rap

341 4052 392 4100 Dei
403 4068 448 4113 per
459 4054 578 4112 Francos,
591 4054 622 4102 iv.
637 4070 663 4114 p.
675 4058 733 4112 933,
746 4052 802 4100 who
827 4056 889 4110 4293
903 4052 988 4113 llosio,
999 4052 1069 4101 Dell'
1081 4054 1164 4109 Ister.
1177 4062 1252 4114 della
1266 4080 1300 4113 aa·

340 4128 418 4170 states
429 4123 483 4169 tlrat
494 4122 535 4169 the
547 4128 634 4171 events
651 4123 746 4170 related
758 4139 801 4169 oc·
827 4137 870 4169 cra
886 4122 1006 4182 religione
1022 4127 1048 4170 ct
1059 4122 1098 4174 ill.
1111 4130 1195 4183 milit.
1210 4136 1240 4184 di
1255 4136 1298 4184 Su

341 4193 431 4240 curred
450 4196 578 4251 ‘tempore
595 4193 689 4239 rlornini
708 4192 801 4239 Eraclii
827 4193 902 4241 (lior.
911 4191 1070 4252 Gierosolp.
1080 4198 1179 4256 83nnd
1188 4203 1300 4261 Μῇηω,

341 4261 507 4309 Romanorum
524 4262 700 4322 iurperatoris,'
717 4261 800 4310 which
827 4261 900 4321 (lrig.
912 4261 1017 4321 liqueat.
1028 4260 1097 4313 Ord.
1109 4281 1137 4329 p.
1150 4275 1180 4321 2,
