3000 5004
466 419 606 467 rnoans
629 419 897 469 ursroaraanu.
1087 407 1152 471 251

201 579 346 655 operata
363 571 489 652 fuerat,
513 595 589 638 curn
608 575 652 638 ad
670 575 921 640 commilitones
939 575 1044 639 occisi
1062 577 1154 657 regis

201 672 429 753 pervenisset,
450 681 532 737 ante
555 674 667 737 lucem
688 680 903 738 recesserunt
929 676 973 738 ab
995 674 1088 752 aula,
1111 695 1154 738 ne

202 769 354 852 deipsis
379 771 490 835 simile
513 772 611 836 fieret
622 772 791 856 judicium
816 780 1022 837 metuentes.
1074 773 1155 837 Offa

202 888 340 951 quoque
367 889 430 934 rex
458 871 674 953 magnificus,
691 891 768 935 cum
794 871 836 934 de
862 872 1045 935 commisso
1070 870 1154 936 faci·

203 987 287 1032 nore
318 969 557 1033 certitudinem
595 971 830 1052 comperisset,
861 989 937 1034 sese
965 971 1090 1052 lugens
1118 972 1154 1035 in

204 1066 354 1148 quodam
371 1069 552 1132 coenaculo
575 1068 767 1145 recludens,
782 1088 844 1150 per
861 1076 930 1132 tres
944 1068 1017 1132 dies
1040 1069 1154 1133 cibum

206 1184 274 1228 non
301 1166 482 1247 gustavit3
516 1167 576 1231 sed
611 1175 738 1245 tamen,
763 1168 845 1231 licet
871 1186 892 1229 a
920 1175 1031 1231 morte
1063 1168 1155 1249 regis

206 1255 391 1328 haberetur
415 1265 588 1343 immunis,
614 1266 720 1329 missa
743 1265 963 1347 expeditione
990 1284 1059 1329 non
1080 1285 1155 1330 mo·

205 1362 295 1438 dica,
307 1382 451 1444 regnum
473 1365 693 1428 orientalium
709 1363 903 1446 Anglorum
926 1382 990 1427 suo
1011 1365 1155 1445 imperio

206 1461 392 1542 copulavit.
445 1463 593 1527 Sanctus
619 1473 734 1527 autem
753 1461 978 1526 Athelhertus
994 1461 1075 1525 dum
1101 1465 1155 1526 in-

207 1558 351 1623 honeste
376 1562 568 1625 tumulatus
599 1562 757 1624 omnibus
787 1561 919 1625 latebat
944 1562 1156 1642 incognitus,

206 1657 316 1721 donec
339 1678 464 1740 corpus
487 1660 574 1743 ejus,
591 1660 721 1723 caelesti
744 1660 872 1723 lumine
886 1659 1112 1736 declaratum,
1135 1678 1157 1721 a

209 1755 367 1820 fidelibus
395 1757 574 1822 inventum
598 1767 633 1822 et
663 1759 754 1842 apud
783 1757 1074 1822 Herefordensem
1097 1757 1156 1820 de-

201 1855 316 1918 latum
334 1856 521 1935 civitatem,
546 1878 636 1920 nunc
663 1858 779 1921 sedem
806 1857 1035 1940 episcopalem
1052 1855 1156 1919 mira·

208 1954 295 2017 culis
308 1965 469 2033 exornat,
485 1956 672 2020 virtutibus
686 1957 851 2020 illustrat.

256 2127 307 2189 De
323 2135 417 2190 morte
430 2122 605 2206 Jaiobartr',
624 2128 861 2192 Cantauriensis
875 2127 1108 2212 archiepiscopi.

261 2247 367 2313 Anno
385 2251 526 2314 Domini
544 2267 723 2314 occxcur.
740 2249 763 2314 J
767 2251 956 2327 sinbertus,
974 2249 1158 2314 Cantuari-
1173 2275 1228 2315 nn.
1239 2275 1282 2314 aa.

209 2348 303 2410 ensis
327 2349 617 2432 archiepiscopus,
641 2368 718 2412 cum
736 2343 877 2430 ¹viginti
901 2356 1034 2431 septem
1060 2324 1293 2415 annisffleiit

209 2445 325 2509 sedem
356 2448 527 2511 laboriose
559 2447 660 2511 nimis
694 2448 874 2522 tenuisset,
906 2447 996 2511 diem
1035 2449 1160 2513 clausit

210 2553 429 2627 extremum
457 2566 526 2628 quo
549 2547 640 2628 apud
666 2553 824 2610 sanctum
849 2545 1086 2628 Augustinum
1108 2567 1160 2611 se-

211 2644 310 2726 pulto
324 2645 360 2707 in
383 2645 549 2726 capitulo,
562 2643 788 2722 Athelardus,
801 2643 987 2709 Wentanae
1009 2646 1162 2710 civitatis

211 2738 598 2829 episcopus,²tredecim
615 2745 716 2807 annis
728 2745 906 2808 successit.
931 2744 1062 2808 Eodem
1071 2735 1171 2809 anno*

213 2841 424 2920 Eanbaldus,
443 2842 673 2907 Eboracensis
690 2843 982 2925 archiepiscopus,
1001 2843 1162 2923 [Baldul-

211 2939 300 3020 sum]
324 2941 416 3022 apud
431 2940 601 3019 witerne,
624 2961 702 3023 quae
723 2941 848 3006 Latine
864 2940 1043 3004 ‘Candida
1060 2942 1162 3004 casa’

209 3038 348 3115 dicitur,
364 3040 563 3122 episcopum
578 3040 805 3105 consecravit.

240 3211 290 3275 De
303 3211 473 3276 lumime
486 3211 588 3275 saneti
602 3209 734 3288 Albani,
743 3208 987 3295 protomartyris
1000 3208 1136 3293 Acylla.

262 3334 393 3399 EOdem
419 3353 511 3398 anno
526 3328 636 3410 θοὴ
650 3354 713 3398 rex
735 3332 945 3395 mereiorum
965 3331 1307 3412 Potentissi·rnnnuuon

211 3452 300 3511 111111,
318 3433 396 3496 cum
409 3433 445 3496 in
459 3433 543 3495 urbe
559 3432 736 3496 Bathonia
751 3429 918 3505 residens,
934 3436 1015 3512 post
1031 3429 1100 3494 diei
1110 3431 1161 3495 la·
1174 3407 1225 3447 οη·
1235 3407 1310 3446 ‘um'

253 3621 377 3685 'Viginti
397 3623 515 3686 septena]
540 3622 675 3672 Therelore
699 3623 725 3670 in
738 3625 795 3670 80⁵.
821 3622 869 3670 See
880 3621 958 3682 Angl.
970 3621 1041 3672 Sacr.
1052 3622 1070 3670 i.
1082 3637 1109 3683 p.
1121 3627 1163 3674 ab.

211 3694 253 3742 his
274 3692 351 3742 death
368 3693 391 3740 is
409 3692 468 3741 here
490 3691 582 3752 placed
604 3692 675 3741 three
733 3688 827 3754 'Off‘b
845 3705 890 3739 rex
910 3691 1085 3755 Mariorum]
1102 3692 1166 3741 'l'his

212 3776 287 3823 years
297 3767 339 3811 too
350 3762 411 3822 late,
425 3775 455 3810 as
474 3761 514 3809 his
531 3762 675 3810 succession
699 3759 805 3821 history,
816 3759 941 3821 compiled
960 3761 1083 3822 probably
1100 3761 1163 3810 hom

212 3840 239 3880 to
250 3832 292 3881 the
304 3845 347 3880 see
358 3832 381 3879 is
391 3831 469 3879 dated
486 3831 565 3879 above
581 3831 607 3878 in
618 3834 676 3880 763.
699 3829 742 3877 the
761 3830 817 3879 MS.
829 3829 873 3878 lise
892 3829 921 3877 of
935 3829 996 3878 offa
1009 3830 1126 3892 sonnerly
1137 3837 1165 3880 at

213 3902 261 3951 See
273 3901 350 3962 Augl.
362 3901 433 3949 Sacr.
445 3901 463 3949 i.
474 3915 501 3961 p.
513 3904 554 3949 ab.
701 3899 727 3947 S.
739 3899 855 3959 Alban's,
872 3899 966 3959 quoted
986 3899 1019 3959 by
1035 3901 1166 3962 Spelman,

247 3967 259 3997 ¹
281 3970 406 4019 Tredecim
428 3968 527 4031 uam]
557 3969 677 4016 Florence
702 3982 810 4029 appears
828 3967 866 4016 sor
884 3967 926 4015 the
944 3973 1008 4016 most
1026 3974 1083 4029 part
1093 3971 1164 4018 word

187 4043 190 4047 ’
213 4040 264 4088 aud
286 4039 328 4088 the
351 4041 412 4088 Sar.
430 4039 524 4088 Chron.
548 4038 621 4099 place
637 4037 678 4085 his
702 4036 858 4086 forwordin
876 4036 1001 4086 Matthew
1013 4038 1165 4087 Paris'slile

212 4110 319 4158 election
346 4109 372 4157 in
395 4112 453 4169 790,
473 4108 524 4156 and
543 4107 583 4156 his
601 4107 676 4155 death
702 4107 951 4167 olOlla,ed.Wats,
965 4121 994 4155 as
1010 4107 1065 4154 also
1082 4108 1108 4154 in
1123 4107 1167 4155 the

213 4179 239 4226 in
268 4182 336 4238 ⁸⁰³3
363 4180 384 4226 it
407 4179 430 4225 ia
451 4177 572 4226 recorded
595 4177 676 4225 below
703 4177 818 4225 acass'.
832 4175 952 4225 mune.
