3000 5004
467 450 606 499 enonas
630 451 896 500 nrsroursnuu.
1113 439 1158 501 <35

204 621 296 665 mum
321 613 491 687 occupant
513 615 677 684 montem,
699 607 797 671 illum
828 627 892 690 pro
916 616 1032 671 castro
1058 608 1156 672 habi-

203 702 295 782 turi;
325 712 363 768 at
389 705 448 769 ubi
475 706 527 770 sol
552 714 711 789 posterus
738 707 828 771 diem
854 707 1061 785 reduxisset,
1088 707 1156 773 Ar·

203 800 326 866 thnrus
341 823 419 867 cum
437 807 592 870 exercitu
614 826 678 870 suo
701 807 828 870 montis
844 825 1008 871 cacumen
1031 827 1153 872 ascen·

203 900 279 982 dit3
309 903 370 966 sed
398 906 434 967 in
458 906 673 969 ascendendo
704 907 832 970 multos
859 925 1000 969 suorum
1026 909 1153 986 amisit,

204 1000 362 1066 Saxones
379 1023 529 1086 namque
546 1025 590 1069 ex
604 1006 677 1069 alto
694 1013 912 1069 occurrentes
930 1006 1065 1071 facilius
1080 1009 1152 1072 vul·

204 1119 288 1164 nera
303 1102 515 1184 infligebant.
570 1105 731 1169 Britanni
754 1112 870 1168 tamen
895 1107 1048 1169 maxima
1072 1127 1151 1190 pro·

205 1200 313 1264 bitate
341 1221 505 1277 cacumen
530 1205 659 1268 montis
683 1204 811 1285 adepti,
837 1203 995 1268 hostibus
1017 1213 1153 1287 strages

204 1301 389 1365 acerrimas
422 1304 648 1385 ingerebant3
678 1303 803 1386 quibus
827 1302 983 1367 Saxones
1011 1311 1154 1385 pectora

204 1400 469 1480 praetendentes,
494 1404 588 1467 omni
614 1404 693 1466 nisu
724 1401 882 1466 resistere
914 1404 1152 1485 perstiterunt.

206 1497 363 1581 Cumque
387 1499 477 1564 diem
498 1503 535 1565 in
557 1502 722 1566 certando
748 1503 1056 1585 consumpsissent,
1084 1501 1152 1566 Ar-

186 1624 187 1628 *
206 1597 339 1676 thurus,
351 1600 527 1666 abstracto
539 1595 547 1633 ¹
557 1601 745 1666 Caliburno
760 1601 888 1684 gladio,
900 1621 1025 1666 nomen
1040 1603 1152 1667 beatae

207 1696 331 1762 Mariae
347 1699 490 1781 virginis
512 1702 701 1778 invocavit,
715 1709 820 1783 atque
836 1701 906 1765 cito
922 1702 1053 1785 impetu
1076 1722 1152 1767 sese

204 1797 295 1860 infra
316 1798 439 1863 densas
461 1800 611 1865 hostium
635 1802 726 1866 acies
748 1802 948 1878 immittens
967 1821 1153 1883 quemcun-

204 1917 271 1978 que
308 1899 504 1981 attingebat
525 1902 600 1965 solo
630 1902 701 1965 ictu
736 1901 949 1982 perimebat3
983 1920 1046 1964 nec
1078 1921 1152 1965 ces-

203 1996 295 2061 savit
315 1998 481 2081 impetum
499 2000 624 2077 facere,
640 2000 749 2064 donec
771 2000 989 2082 octingentos
1004 1999 1154 2082 quadra·

203 2096 303 2178 ginta
332 2098 425 2162 viros
453 2100 528 2163 solo
561 2099 678 2181 gladio
707 2098 890 2163 interfecit.
944 2097 1152 2164 Cecidemut

202 2196 295 2261 illico
313 2194 499 2279 Colgrinus
514 2208 548 2262 et
566 2187 783 2281 Baldulphus
796 2197 904 2262 frater
918 2198 1006 2281 ejus,
1023 2206 1058 2262 et
1075 2219 1153 2262 cum

205 2297 254 2359 eis
272 2297 382 2361 multa
400 2299 509 2362 millia
523 2295 774 2378 harbarorum3
793 2305 830 2361 at
846 2296 1061 2374 Cheldricus,
1076 2299 1152 2362 viso

205 2396 376 2460 sociorum
394 2397 558 2479 periculo,
578 2418 657 2462 cum
680 2397 833 2480 reliquiis
851 2397 1023 2462 exercitus
1045 2397 1080 2460 in
1099 2397 1153 2461 su-

203 2515 285 2576 gam
301 2515 489 2560 conversus
506 2506 570 2563 est.
622 2498 646 2563 J
648 2498 738 2563 ussit
754 2497 872 2579 itaque
899 2517 961 2560 rex
980 2496 1150 2561 Cadorem

205 2594 389 2659 Comubiae
421 2596 543 2661 ducem
576 2597 655 2661 illos
694 2597 841 2679 insequi,
873 2597 932 2679 qui
966 2604 1153 2679 postremo,

204 2713 281 2757 cum
304 2695 388 2758 nihil
406 2698 585 2761 tutaminis
608 2697 847 2774 accessissent,
861 2697 1023 2760 laceratis
1045 2698 1156 2779 agmi-

204 2795 305 2858 nibus
319 2793 458 2860 Thanet
475 2798 623 2861 insulam
640 2798 823 2880 petierunt.
878 2796 1077 2878 Insequitur
1094 2817 1154 2860 eos

203 2893 330 2958 ibidem
355 2894 440 2970 dux,
462 2916 525 2960 nee
552 2898 685 2978 quievit
707 2896 827 2972 donec,
853 2904 1033 2977 perempto
1050 2894 1152 2959 Chel-
1165 2918 1268 2978 missor

203 2994 311 3072 drico,
344 3001 487 3059 caeteros
516 2997 552 3059 in
585 2996 794 3062 deditionem
826 2995 970 3077 accepit.
1023 2994 1154 3057 Eodem
1164 2969 1251 3008 cm

203 3112 295 3158 anno
313 3087 509 3159 ²Johannes
523 3097 613 3160 sedit
634 3097 670 3160 in
692 3095 858 3160 cathedra
876 3094 1038 3159 Romana
1054 3095 1153 3159 annis

202 3193 348 3259 duobus.

387 3368 437 3431 De
451 3377 567 3453 quarta
582 3367 713 3431 victorio
729 3367 808 3455 repis
823 3364 971 3429 Arthuri.

255 3491 358 3557 Anno
376 3493 499 3575 gratiae
514 3511 623 3557 nxxr.
643 3493 800 3568 Boetius,
817 3490 923 3555 exilio
939 3491 1119 3571 fatigatus,
1134 3508 1155 3552 a
1168 3516 1276 3556 som.

202 3590 431 3668 Theodorico,
446 3592 640 3657 Gothorum
655 3586 761 3673 ³rege,
778 3592 970 3675 perimitur.
1025 3589 1154 3653 Eodem

202 3711 294 3755 anno
313 3693 507 3757 nuntiatum
523 3701 577 3756 est
592 3691 759 3768 Arthuro,
772 3691 895 3756 Scotos
911 3699 1016 3775 atque
1035 3689 1155 3754 Pictos

238 3897 387 3949 ¹Cnlihcmo
395 3895 502 3970 gladia]
517 3900 665 3962 Presented,
689 3901 830 3963 Scriptores
841 3900 946 3962 Decem,
958 3900 1006 3950 col.
1023 3904 1095 3950 1194.

202 3971 339 4033 according
360 3976 387 4019 to
410 3971 543 4032 Hoveden,
564 3972 599 4033 by
621 3971 665 4019 Ri·
725 3967 891 4034 'Johonner.]
908 3970 956 4019 See
974 3970 1063 4031 above,
1074 3969 1155 4018 under

202 4041 281 4091 chard
299 4040 342 4089 the
354 4041 420 4090 First
431 4046 457 4089 to
471 4042 586 4091 Tancred
603 4041 665 4103 king
691 4041 732 4089 the
744 4055 805 4101 year
816 4045 873 4088 ⁶13.

201 4112 232 4160 oi
248 4109 338 4172 Sicily,
356 4116 384 4159 at
401 4111 467 4160 their
485 4114 615 4160 interview
640 4112 665 4158 iu
725 4108 817 4172 ³Rege
832 4107 984 4173 perimitur]
1010 4107 1155 4169 According

202 4181 320 4241 Catenis,
337 4181 363 4229 in
380 4180 422 4230 tho
439 4185 585 4243 yearllbl.
618 4182 665 4230 See
692 4185 717 4229 to
728 4181 804 4228 Aimo
815 4179 843 4227 os
851 4180 954 4238 Fleury,
966 4175 1090 4226 Boethius
1101 4190 1155 4225 was

202 4252 258 4299 also
275 4249 335 4300 Joh.
353 4250 472 4300 Bromton
489 4251 581 4301 Chron.
603 4252 666 4300 inter
692 4255 738 4311 put
750 4256 775 4297 to
786 4249 862 4297 death
875 4250 900 4296 in
912 4251 969 4296 626.

254 4340 335 4389 VOL.
354 4341 376 4389 Ι.
984 4337 1002 4381 Ρ
