3000 5004
460 402 599 450 ivnonas
623 402 894 453 ursronranuu.
1110 389 1155 452 95

201 560 325 622 beatus
335 557 527 640 Gregorius
541 559 617 623 vioe
628 559 861 624 archidiaconi
877 560 914 624 in
931 562 1015 624 urbe
1025 559 1153 637 Roma,

201 659 261 739 qui
284 678 347 740 pro
373 664 473 721 tauta
489 659 617 722 civium
644 658 743 721 clade
764 659 873 741 jussit
894 660 966 723 fieri
988 660 1151 742 septifor-

206 776 295 819 mem
315 750 503 819 ¹litaniam.
555 756 772 838 Septisormis
786 759 907 823 litania
928 758 1005 822 ideo
1019 760 1155 834 dicitur,

203 857 285 936 quia
300 855 337 918 iu
351 854 429 918 loco
451 856 561 937 primo
587 855 652 918 fuit
668 857 778 919 omnis
798 858 924 933 clerus,
945 858 982 920 in
1004 857 1276 934 secuudoaffln,

204 972 322 1017 omues
339 954 483 1017 abbates
500 973 579 1016 cum
604 955 676 1017 suis
698 955 887 1031 monacbis,
903 957 939 1018 in
956 957 1059 1019 tertio
1081 976 1155 1019 om·
1168 937 1188 976 Β·
1199 937 1298 984 ⁰“‘⁰'''

206 1071 265 1116 nes
295 1053 482 1115 abbatissae
513 1071 593 1115 cum
620 1053 693 1115 suis
722 1054 941 1129 monialibus
969 1055 1006 1117 iu
1031 1063 1156 1136 quarto

205 1169 324 1214 omues
349 1150 513 1225 infantes,
538 1151 575 1214 iu
595 1151 718 1233 quinto
741 1171 860 1215 omnes
882 1152 975 1228 laici,
997 1153 1032 1215 in
1055 1162 1157 1217 sexto

206 1249 377 1311 universae
406 1249 533 1325 viduae,
566 1250 602 1312 iu
633 1250 780 1331 septimo
812 1270 931 1314 omnes
965 1250 1156 1333 conjugati.

206 1346 275 1410 His
291 1347 450 1411 omnibus
465 1348 520 1410 vir
536 1347 603 1411 Dei
626 1348 692 1411 rite
714 1348 890 1430 dispositis
915 1356 1048 1430 pestem
1067 1369 1156 1430 prac-

205 1446 325 1522 satam,
343 1447 429 1508 iram
448 1446 515 1510 Dei
538 1445 743 1528 mitigando,
765 1448 903 1529 penitus
926 1448 971 1510 ab
992 1448 1076 1509 urbe
1098 1448 1158 1509 de-

206 1545 317 1607 tersit.

553 1683 828 1769 Greqoriuapopa.

258 1803 363 1869 Auno
379 1806 503 1888 gratiae
518 1821 635 1869 uxcll.
649 1807 772 1878 beatus
786 1798 1009 1884 'Gregorius
1029 1807 1158 1888 populo
1172 1839 1226 1878 Α»,
1236 1839 1280 1876 ⁵92.

207 1904 421 1968 acclamante
435 1924 514 1968 cum
530 1905 636 1981 clero,
652 1923 744 1986 papa
758 1905 901 1979 electus,
917 1903 999 1966 licet
1012 1905 1159 1968 multum
1171 1889 1259 1988 33⁸⁶

209 2003 360 2066 renitens
386 2003 537 2085 seipsum
570 2002 797 2080 absentando,
824 2001 963 2065 tandem
995 2003 1158 2067 inventus

210 2109 246 2164 et
270 2102 523 2166 inthronizatus
555 2110 629 2180 est3
657 2102 717 2184 qui
743 2102 835 2164 inter
862 2108 988 2164 oaetera
1017 2103 1158 2184 pietatis

211 2219 328 2282 opera,
360 2201 505 2284 Trajani
543 2199 718 2282 quondam
748 2200 966 2281 imperatoris
997 2202 1159 2278 animam,

211 2300 369 2382 quamvis
393 2300 533 2383 pagani,
547 2318 569 2361 a
591 2300 704 2382 poenis
726 2298 851 2362 inferni
867 2300 1055 2379 promeruit
1076 2300 1161 2362 libe·

210 2397 292 2461 rari.
325 2397 617 2480 Antiphonarium
629 2399 835 2479 composuit,
847 2395 1067 2478 Kyrieleison
1083 2418 1160 2462 cum
1174 2431 1286 2482 mmm„

211 2496 352 2560 alleluia
374 2497 419 2560 ad
445 2498 569 2560 missas
584 2497 719 2559 cantari
741 2496 904 2571 instituit,
920 2504 955 2558 et
970 2496 1006 2559 io
1029 2516 1161 2561 canone

212 2594 326 2658 missae
343 2594 412 2660 tria
428 2597 535 2660 verba
550 2595 682 2659 utiliter
698 2595 872 2677 adposuit,
889 2595 1065 2678 ‘Diesque
1080 2617 1161 2661 nos-

214 2700 286 2757 tros
300 2694 336 2757 iu
353 2702 415 2758 tua
437 2714 523 2777 pace
543 2695 720 2777 disponas,
735 2701 840 2776 atque
853 2694 899 2756 ab
914 2702 1045 2758 aeterua
1066 2696 1161 2759 dam·

213 2794 353 2857 natione
375 2812 439 2857 nos
457 2794 542 2875 eripi
568 2794 652 2857 etin
667 2793 854 2856 electorum
875 2800 1014 2857 tuorum
1034 2795 1161 2877 jubeas

213 2911 318 2973 grege
334 2892 530 2955 numerari.'

268 3061 432 3139 Oeolricus,
448 3084 502 3126 rec
515 3063 551 3126 in
566 3083 691 3147 reanum
705 3062 938 3127 weidentolium
953 3063 1119 3125 monum.

265 3185 372 3251 Auno
393 3187 517 3268 gratiae
543 3203 673 3251 uxclu.
696 3186 882 3251 Ceauliuus
902 3195 937 3250 et
960 3187 1066 3249 frater
1088 3185 1163 3269 ejus
1176 3215 1286 3254 none.

216 3283 442 3348 Guichelinus
465 3286 697 3362 decesserunt,
722 3294 758 3349 et
779 3280 974 3349 ³Ceolricus
997 3284 1164 3349 ceaulino
1176 3312 1256 3352 cerac
1265 3312 1318 3362 arag

216 3385 253 3447 iu
276 3404 382 3466 reguo
397 3384 660 3449 occidentalium
680 3385 857 3448 Saxonum
884 3384 1051 3446 successit
1064 3384 1162 3464 quin·
1175 3363 1272 3454 ‘iffi

215 3501 283 3565 que
314 3483 426 3547 anuis.
493 3482 622 3547 Eodem
654 3493 820 3565 tempore,
853 3502 945 3564 papa
974 3481 1165 3563 Gregorius

216 3582 407 3646 orationem
421 3582 640 3647 Dominicam
651 3603 756 3666 super
771 3583 919 3646 hostiam
934 3582 1069 3645 censuit
1079 3582 1166 3646 reci-

245 3811 252 3843 ¹
262 3810 409 3875 branna]
420 3811 475 3861 'l'be
481 3812 574 3874 speech
583 3813 613 3862 of
615 3813 680 3863 Gre·
740 3809 751 3840 ³
764 3807 911 3879 cruram]
928 3812 982 3862 Tbe
993 3813 1078 3861 Saxon
1090 3813 1168 3862 Chro-

215 3895 279 3942 gory
290 3886 316 3929 to
327 3881 370 3929 the
387 3882 478 3943 people
491 3897 558 3944 upon
570 3882 621 3930 this
638 3897 680 3930 oe·
706 3882 771 3931 nicle
783 3883 869 3944 places
879 3883 922 3931 the
930 3881 1024 3931 dateoi
1033 3882 1072 3930 hie
1083 3897 1168 3931 acces·

215 3951 301 3999 carior
313 3952 336 3998 is
347 3954 373 3998 to
383 3951 415 3999 be
432 3950 510 3999 found
527 3952 552 3999 io
564 3952 680 4013 Gregory
706 3952 760 3999 sion
780 3953 806 3999 in
824 3956 882 4012 ⁶91,
900 3951 965 4000 aiter
982 3952 1025 3999 the
1047 3953 1125 4000 battle
1142 3952 1171 3998 os

215 4018 245 4068 oi
252 4018 343 4080 Toum,
355 4018 425 4070 Hist.
436 4020 481 4069 lib.
494 4035 519 4070 ι.
531 4035 589 4081 cap.
602 4025 626 4070 l.
706 4021 918 4082 Wodnesbeorge,
951 4020 1026 4069 when
1054 4021 1168 4069 Ceawlin

251 4084 263 4118 ²
275 4088 434 4152 Gregorio]
447 4089 555 4139 Hedied
568 4091 609 4138 tbe
622 4090 679 4139 rath
706 4104 761 4139 was
772 4090 859 4139 driven
870 4089 933 4139 from
944 4089 984 4139 bis
995 4089 1125 4151 kingdom.

215 4157 245 4206 os
253 4157 344 4206 March
356 4161 413 4207 ⁰⁰4.
