3000 5004
472 415 611 463 neonus
634 415 904 464 nrsronmnuu.
1099 399 1162 463 101

208 569 283 632 ensi
297 570 486 635 maximam
511 572 766 636 multitudinem
787 573 971 637 interfecit.
1026 571 1161 655 Nempe

208 669 262 731 vir
280 670 420 733 Domini
440 670 674 753 Augustinus
701 673 832 735 auxilio
853 674 944 753 regis
963 670 1160 736 Athelberti

207 788 303 845 usus,
317 772 524 836 convocavit
546 771 590 834 ad
611 771 782 853 synodum
798 791 898 835 suam
920 773 1101 854 episcopos
1123 779 1159 836 et
1171 790 1241 839 soor
1250 792 1324 833 stru-

207 867 367 932 doctores
390 872 558 952 proximae
583 871 766 935 Britonum
792 873 991 954 provincia,
1010 871 1047 934 in
1068 840 1317 949 loco,‘⁰'²¹¹¹⁰⁸⁵⁰'

208 968 267 1048 qui
291 988 399 1050 usque
422 969 523 1034 hodie
545 970 666 1050 lingua
688 968 883 1050 Auglorum
905 964 926 1005 ¹‘
939 969 1159 1051 Augustines

207 1064 286 1145 Ac,'
302 1068 336 1130 id
353 1074 418 1144 est,
436 1071 541 1133 robur
557 1070 632 1132 sive
653 1089 800 1151 quercus
815 1070 1018 1151 Augustini,
1037 1071 1157 1151 appel·

207 1164 312 1242 latur,
327 1168 363 1230 in
377 1169 526 1232 confinio
539 1167 805 1232 occidentalium
822 1169 1002 1232 Saxonum
1016 1176 1051 1232 et
1062 1169 1159 1233 wic.

207 1265 351 1343 ciorum,
371 1269 547 1351 coepitque
568 1267 618 1330 eis
636 1268 790 1331 fraterna
816 1266 1050 1331 admonitione
1075 1287 1157 1331 sua·

207 1364 299 1442 dere,
316 1374 356 1429 ut
369 1385 454 1448 pace
470 1367 642 1431 catholica
655 1386 772 1430 secum
792 1366 924 1443 habita,
941 1386 1157 1432 communem

207 1465 468 1545 evangelizandi
483 1466 644 1548 gentibus
661 1485 724 1548 pro
741 1467 891 1530 Domino
911 1466 1062 1529 laborem
1079 1485 1155 1529 sus·

206 1563 373 1644 ciperem,
394 1572 433 1629 ut
450 1566 510 1648 qui
527 1572 687 1629 sanctum
703 1564 841 1629 Pascha
858 1573 894 1629 et
909 1565 979 1628 alia
993 1565 1158 1647 perplura

207 1663 333 1727 unitati
359 1665 513 1730 ecclesiae
539 1665 715 1728 contraria
735 1664 918 1730 faciehant.
971 1663 1156 1742 Qui-cum,

206 1760 312 1843 longa
327 1762 562 1846 disputatione
588 1765 719 1841 habita,
736 1784 847 1848 neque
862 1764 1021 1847 precibus
1044 1782 1156 1846 neque
1224 1842 1227 1849 ἱ

204 1860 434 1926 hortamentis
459 1862 648 1945 Augustini
674 1883 852 1927 assensum
877 1864 1030 1946 praebere
1056 1863 1156 1926 volu·

207 1960 328 2037 issent,
345 1963 407 2040 ait,
422 1962 686 2040 ‘obsecramus
706 1962 842 2039 fratres,
860 1962 973 2026 Deum
998 1963 1157 2044 omnipo·

207 2066 349 2138 tentem,
377 2070 416 2126 ut
439 2063 514 2145 ipse
538 2061 637 2126 nobis
666 2062 863 2126 caelestibus
890 2061 1000 2144 signis
1022 2062 1156 2125 insinu-

207 2178 266 2222 are
282 2159 457 2242 dignetur,
482 2181 561 2244 quae
588 2161 765 2244 sequenda
789 2160 943 2239 traditio,
962 2161 1088 2244 quihus
1110 2162 1157 2226 sit

208 2258 274 2321 viis
299 2260 343 2323 ad
366 2261 560 2342 ingressum
582 2262 680 2342 regni
702 2261 852 2325 caelestis
880 2260 1154 2343 properandum

208 2357 400 2424 adducatur
423 2361 549 2442 aliquis
569 2380 674 2441 aeger,
694 2368 730 2425 et
750 2380 813 2442 per
835 2360 936 2444 cujus
961 2379 1080 2444 preces
1101 2359 1154 2424 lu·

207 2457 272 2522 erit
289 2467 442 2536 curatus,
459 2459 563 2543 hujus
577 2459 662 2523 fides
686 2467 721 2524 et
744 2461 898 2542 operatio
921 2460 1079 2524 omnibus
1101 2479 1156 2524 se·

207 2558 345 2639 quenda
374 2558 556 2623 tradatur!
607 2558 711 2637 Quod
742 2580 820 2623 cum
851 2560 1052 2637 adversarii,
1074 2559 1157 2625 licet

206 2657 319 2735 iuviti,
335 2659 573 2735 concederent,
590 2659 718 2723 allatus
742 2666 795 2721 est
812 2678 905 2740 aeger
920 2659 1059 2741 quidam
1076 2678 1158 2723 ocu·

207 2755 318 2820 lorum
340 2758 417 2822 luce
438 2757 617 2841 privatus;
641 2759 797 2841 quicum
818 2759 957 2822 oblatus
973 2759 1156 2823 Britonum

206 2857 390 2938 episcopis,
407 2858 493 2921 nihil
515 2858 703 2922 curationis
725 2877 844 2921 eorum
865 2858 1056 2922 ministerio
1077 2878 1156 2940 per·

208 2957 349 3037 ciperet,
358 2956 497 3021 tandem
511 2956 730 3038 Augustinus
744 2977 859 3039 genua
872 2976 937 3020 sua
954 2957 998 3020 ad
1014 2956 1156 3021 Patrem

210 3055 351 3120 Domini
372 3057 594 3146 nostri-Jesu
610 3057 741 3120 Christi
764 3056 874 3134 flexit,
903 3056 1090 3138 deprecans
1116 3064 1156 3122 ut

206 3155 318 3220 visum
348 3176 444 3221 coeco
476 3157 685 3234 restitueret,
714 3164 754 3219 ut
784 3176 846 3238 per
871 3155 1156 3219 illuminationem

152 3298 157 3306 -
208 3256 309 3319 unius
338 3255 486 3320 hominis
509 3256 721 3338 corporalem
745 3255 781 3316 iu
805 3255 1028 3337 plurimorum
1052 3254 1157 3319 corda

208 3354 358 3419 fidelium
398 3355 548 3437 gratiam
589 3355 792 3418 accenderet
826 3354 914 3417 lucis
952 3353 1155 3435 spiritualis.

164 3516 167 3521 .
208 3455 285 3520 Nec
310 3475 418 3533 mora,
441 3456 656 3520 illuminatur
679 3471 795 3518 coecus
820 3472 861 3517 ac
884 3473 988 3517 verus
1013 3472 1157 3517 summae

206 3640 265 3691 date
280 3641 310 3690 of
325 3641 376 3691 this
392 3641 470 3689 battle
490 3641 512 3691 ie
530 3641 671 3702 altogether
731 3633 969 3709 Uetustinae]
982 3639 1057 3688 Certe
1069 3639 1156 3701 places

206 3712 347 3762 uncertain.
375 3711 429 3760 The
440 3712 525 3759 Saxon
536 3711 670 3761 Chronicle
694 3711 736 3761 tbe
747 3726 821 3770 soene
839 3711 868 3759 oi
881 3710 931 3759 this
951 3709 1031 3772 synod
1042 3714 1068 3759 et
1079 3711 1155 3772 Aust,

208 3782 294 3844 places
305 3783 326 3830 it
336 3783 362 3830 iu
376 3784 435 3840 607,
445 3780 496 3828 and
512 3780 605 3831 affirms
615 3783 671 3831 that
694 3797 723 3830 or
733 3782 886 3841 Aust-clive,
894 3795 926 3828 on
934 3781 976 3829 the
983 3781 1090 3840 Severn;
1102 3781 1153 3830 Mr.

207 3855 259 3900 two
276 3850 392 3901 hundred
409 3851 502 3911 priests
516 3866 584 3901 were
600 3852 669 3902 there
695 3852 831 3900 Steveneon
853 3851 977 3912 imagines
998 3850 1019 3898 it
1039 3855 1066 3898 to
1091 3850 1155 3899 have

207 3921 282 3970 elain.
300 3921 668 3983 wi11.Molmsb.p.oo,mre.
696 3922 758 3969 been
780 3920 840 3969 held
866 3921 947 3969 under
969 3935 1002 3968 an
1030 3919 1154 3970 oek-tree.

207 3990 359 4051 wendover,
370 3991 396 4039 in
405 3990 446 4040 tbe
458 3991 587 4051 following
593 3991 670 4052 chap-
696 3991 760 4039 Bed.
774 3990 843 4039 illst.
855 3987 868 4054 ξ
879 3994 921 4051 sl,
931 3994 995 4040 note.
1029 3988 1083 4036 The
1096 3989 1156 4037 date

207 4065 246 4110 ter
268 4062 331 4111 from
354 4061 436 4122 Beda,
459 4075 519 4121 says
546 4059 601 4109 thet
627 4061 669 4109 the
695 4059 723 4108 ot
737 4060 779 4108 the
798 4059 878 4121 synod
898 4060 921 4109 ie
944 4060 998 4107 also
1017 4059 1157 4117 uncertain,

206 4135 314 4182 number
334 4131 400 4181 slein
421 4145 477 4179 was
495 4129 586 4179 twelve
605 4129 671 4179 hun·
695 4130 715 4177 it
725 4131 801 4191 being
817 4129 908 4191 placed
924 4130 950 4178 in
967 4127 1029 4178 each
1041 4141 1103 4191 year
1111 4127 1156 4176 be-

203 4200 278 4252 dred.
695 4202 930 4248 tercentos-6⁰5.
