3000 5004
350 453 417 518 266
607 468 740 516 noorai
765 467 814 516 ou
836 465 1043 515 wrnoovau

592 703 642 766 De
649 702 858 788 perseeutione
872 703 1048 766 Damon

190 840 300 880 nnus
403 824 508 891 Auno
524 826 666 890 Domini
687 844 789 892 noco.
807 820 1001 891 ¹exeroitus
1013 839 1229 908 paganorum
1247 841 1309 886 ne-

188 887 334 1010 mum(
352 925 575 991 fundissimus
597 926 761 990 ecclesius
789 926 833 990 de
859 923 1039 990 Herceues
1061 931 1099 988 et
1121 922 1165 986 de
1186 921 1309 1005 Tyne-

352 1025 475 1090 mutha
488 1025 673 1090 crudeliter
686 1025 851 1108 spoliavit
864 1033 901 1089 et
915 1043 994 1088 cum
1007 1022 1128 1106 spoliis
1141 1021 1186 1086 ud
1197 1039 1309 1086 naves

353 1126 509 1190 recurrit.
550 1124 680 1189 Eodem
692 1144 785 1189 anuo
799 1123 991 1199 Eadredus,
1002 1122 1149 1186 antistes
1159 1119 1308 1202 Hagus·

353 1224 533 1301 taldeusis,
541 1225 628 1289 ohiit
636 1222 716 1289 etin
730 1223 808 1288 loco
818 1216 1116 1308 eJus¹Eadbertus
1125 1220 1309 1284 suecessit.

354 1322 436 1402 Quo
460 1325 564 1389 etium
586 1343 691 1400 anno,
707 1317 954 1400 'Alcmnndus
976 1320 1068 1384 iilius
1084 1318 1227 1384 Aloredi
1251 1337 1308 1383 re·

354 1423 422 1505 gis,
443 1442 467 1487 a
487 1424 662 1488 tutoribus
680 1420 848 1501 Bardulfi,
865 1422 959 1504 rugis
981 1419 1307 1486 Northunhnmhro·

355 1542 444 1599 rum,
465 1522 701 1605 apprehensus
718 1529 785 1599 est,
804 1521 948 1606 ejusque
962 1519 1120 1605 jussione
1137 1536 1216 1582 cum
1232 1517 1308 1581 suis

355 1621 513 1703 profugis
523 1621 736 1686 interiectus.
760 1620 892 1685 Eodem
901 1611 1229 1702 tempore,⁴deoimo
1242 1615 1307 1680 ka-

356 1720 476 1784 lendas
492 1719 515 1784 J
518 1721 666 1797 aunarii,
682 1727 808 1786 ventus
825 1721 950 1803 ingens
972 1719 1017 1782 ah
1026 1716 1146 1782 Africa
1161 1716 1308 1782 veniens

275 1890 281 1901 ,
356 1837 421 1883 suo
436 1819 523 1882 flatu
542 1818 682 1883 horrido
698 1821 801 1883 nrbes
820 1820 988 1885 radicitus
1003 1816 1143 1895 evulsit,
1158 1824 1195 1881 et
1209 1833 1308 1881 mare

357 1918 451 1982 ultra
480 1918 646 1981 terminos
676 1938 759 1982 suos
788 1918 936 2001 exigens
965 1917 1110 1981 multam
1141 1933 1306 1999 pecorum

356 2024 509 2099 stragem
524 2017 561 2080 iu
575 2016 662 2080 loeis
679 2017 826 2082 diversis
842 2017 937 2082 iecit.
981 2015 1112 2081 Eodem
1132 2034 1225 2079 anno
1241 2033 1305 2078 rex

358 2115 570 2180 Francorum
587 2114 748 2193 Carolus,
765 2117 818 2181 vir
831 2117 969 2181 eximite
988 2115 1141 2192 virtutis,
1157 2133 1237 2178 oum
1254 2115 1310 2178 in·

356 2234 500 2279 numera
527 2222 740 2280 armatorum
769 2215 871 2298 copia
897 2214 1103 2280 Romuleam
1128 2214 1309 2296 ingressus

356 2316 488 2391 urbem,
500 2315 577 2378 loca
588 2321 710 2379 sanctu
722 2312 894 2397 frequenti
902 2313 1103 2380 visitatione
1116 2312 1308 2396 percurrit;

356 2414 472 2497 ibique
494 2432 714 2496 permenses
736 2412 870 2495 aliquot
891 2413 1103 2489 demoratus,
1125 2411 1308 2476 eeclesiam

356 2514 450 2577 beati
473 2511 570 2576 Petri
594 2520 630 2576 et
653 2511 756 2576 Pauli
787 2511 1025 2595 apostolorum
1047 2509 1177 2576 Christi
1204 2510 1307 2575 donis

357 2611 533 2694 regalibus
549 2612 745 2687 exornavit,
762 2610 799 2674 in
817 2630 902 2676 auro
917 2610 1080 2676 videlicet
1102 2617 1137 2674 et
1159 2618 1309 2692 argento

356 2719 393 2776 et
407 2709 580 2792 lapidibus
596 2710 756 2792 pretiosis
768 2730 777 2789 ;
794 2709 946 2775 Leonem
959 2728 1098 2793 quoque
1107 2728 1236 2794 papam
1247 2729 1309 2775 ve·

356 2809 543 2874 nerahilem
564 2809 669 2873 variis
683 2807 935 2876 munificentiis
956 2808 1141 2874 honoravit
1162 2808 1309 2893 ejusque

356 2909 565 2974 adversariis
581 2908 757 2994 dispersis,
773 2910 942 2992 quosdam
961 2907 1134 2974 interfecit
1150 2915 1186 2975 et
1202 2926 1309 2991 quos·

356 3007 436 3073 dam
462 3008 663 3073 inexilium
685 3008 866 3090 relegavit,
888 3007 1074 3074 nonnullos
1091 3006 1196 3072 etium
1218 3007 1309 3092 puti-

356 3109 439 3173 hulo
456 3108 618 3193 suspendi
634 3108 809 3191 praecepit.

390 3386 398 3421 ¹
412 3389 546 3439 Exercitn
554 3389 725 3452 paganorum]
742 3390 819 3439 Wen·
843 3390 912 3453 ham,
933 3391 1070 3454 according
1085 3394 1112 3439 to
1128 3389 1241 3453 Simeon,
1256 3390 1311 3441 and

355 3459 434 3508 dover
444 3473 552 3521 appears
568 3463 594 3507 to
609 3459 641 3508 he
652 3459 694 3507 the
705 3459 764 3520 only
776 3475 819 3508 ex·
843 3461 904 3512 died
914 3462 942 3511 iu
952 3464 1010 3512 806.
1044 3461 1106 3511 Su.
1117 3459 1211 3510 Ohrua.
1220 3461 1254 3512 ud
1265 3475 1310 3512 uu.

355 3533 410 3577 tant
421 3528 549 3588 authority
559 3527 599 3577 ior
606 3529 648 3577 the
658 3529 786 3577 incursion
793 3527 822 3577 oi
878 3559 890 3592 ,
898 3561 1070 3626 Momm]
1086 3562 1251 3613 sommum
1257 3564 1310 3614 Μ

356 3597 713 3728 ἓὲᾱῗῃᾚῃέἓῖἱθῖξωῦ
731 3599 824 3716 {ilum}
845 3632 955 3692 Simeon,
967 3632 1034 3694 who,
1050 3632 1177 3695 however,
1193 3632 1311 3682 modifies

662 3682 695 3726 ⁹⁰
715 3682 731 3715 ⁰
751 3682 810 3716 ⁰¹¹⁰
845 3701 885 3750 his
904 3703 1027 3751 msertion
1044 3701 1129 3751 nithe
1146 3701 1199 3751 fuet
1216 3703 1250 3764 hy
1267 3701 1312 3754 tha

356 3735 399 3785 ὼε
413 3735 508 3785 “humb
519 3735 548 3784 ⁰¹⁴
557 3735 711 3817 D⁰¹¹¹l¹⁰l¹²h’
721 3751 750 3784 ⁰¹⁸
760 3737 820 3785 Tin‘
844 3769 964 3820 insertion
975 3770 1004 3819 oi
1012 3772 1056 3820 ‘ut
1066 3771 1155 3821 dieunt
1165 3765 1288 3833 quidam?

356 3804 454 3866 mouth,
464 3805 511 3852 but
526 3804 613 3866 places
625 3809 645 3852 rt
657 3821 684 3853 ιιι
700 3806 742 3855 the
759 3821 821 3868 year

357 3877 415 3924 rot.
879 3868 1311 3941 ⁴Deriruo,]‘uouo,'Simeon,irom

845 3944 929 3993 whom
937 3943 980 3993 the
989 3948 1101 3994 contenta
1108 3943 1138 3993 oi
1144 3944 1197 3993 this
1206 3944 1313 4006 chapter

391 4009 573 4077 ²Euddertss.]
598 4013 642 4064 He
660 4028 714 4064 was
733 4029 820 4064 conse·
845 4013 909 4062 have
921 4014 984 4062 been
999 4013 1086 4064 taken.
1122 4012 1248 4078 Compara
1259 4014 1313 4063 sn·

356 4083 442 4136 erated
454 4089 482 4134 et
492 4082 655 4147 Ethiughum,
665 4099 695 4134 or
705 4084 820 4147 Cettiug·
845 4084 942 4146 rouius,
951 4083 985 4132 ad
995 4098 1038 4133 ιιι.
