3000 5004
410 462 476 526 332
671 471 804 520 noceat
830 471 877 518 nn
900 471 1108 520 wranovnu

412 632 561 696 dictione
582 631 625 693 ad
651 629 811 704 insulam,
837 626 880 691 de
903 647 974 710 qua
990 647 1151 710 egressus
1170 627 1297 706 fuerat,
1313 637 1366 693 est

412 750 582 795 reversus.
635 729 749 794 Nocte
764 729 872 810 igitur
896 728 1172 810 superveniente,
1187 748 1265 791 cum
1285 729 1364 792 dor-

412 832 513 893 miret
530 829 566 892 in
583 835 696 892 stratu
721 847 797 904 suo,
821 827 957 890 adstitit
983 827 1016 889 ei
1042 828 1078 890 in
1095 828 1227 891 visione
1253 829 1365 891 noctis

411 937 555 992 sanctus
586 928 731 991 antistes
760 925 983 1002 cuthbertus,
1009 927 1068 1008 qui
1093 927 1161 990 sibi
1184 927 1239 990 sui
1266 927 1364 1007 regni

411 1027 664 1091 restitutionem
696 1033 826 1090 certam
860 1025 1066 1107 repromisit.
1119 1025 1202 1108 Ipse
1226 1045 1365 1109 quoque

413 1146 487 1202 rex,
519 1133 639 1209 aperto
666 1125 732 1188 viri
760 1125 827 1188 Dei
856 1124 1072 1189 confortatus
1102 1125 1257 1202 oraculo,
1285 1145 1361 1189 cum

413 1245 516 1289 mane
540 1226 760 1298 surrexisset,
785 1223 961 1306 pollicitus
987 1231 1042 1287 est
1066 1223 1143 1288 Deo
1165 1243 1203 1288 se
1226 1225 1262 1287 in
1287 1225 1363 1288 loco

413 1326 490 1408 ipso
527 1325 773 1389 monasterium
809 1329 1100 1401 constructurum,
1132 1325 1192 1406 qui
1229 1343 1363 1406 semper

413 1424 574 1506 deinceps
600 1423 758 1487 hostibus
784 1421 991 1486 invincibilis
1014 1429 1050 1485 et
1067 1422 1229 1486 terribilis
1255 1443 1363 1505 appa·

414 1524 531 1602 rebat;
564 1542 644 1587 nam
670 1522 789 1586 eadem
812 1521 899 1585 hora
917 1529 1152 1586 convenerunt
1176 1521 1220 1584 ad
1248 1542 1361 1605 regem

413 1642 533 1685 omnes
573 1622 700 1685 milites
738 1621 814 1704 ejus
853 1640 932 1683 cum
970 1621 1288 1684 Sumersetensibus
1327 1629 1362 1685 et

413 1721 689 1785 Wiltonensihus
716 1720 806 1801 apud
834 1718 1063 1800 Ethelingeie,
1086 1740 1232 1803 quorum
1255 1719 1362 1785 fretus

413 1819 545 1882 auxilio
577 1837 733 1900 paganos
761 1819 869 1900 coepit
894 1819 1156 1899 infatigabiliter
1180 1819 1360 1883 debellare.

413 1917 567 1981 Tandem
593 1937 656 1980 rex
674 1916 849 1994 Alfredus,
875 1917 1026 1982 instante
1047 1925 1174 1995 ¹sancta
1200 1918 1363 1982 solemni·

414 2025 487 2081 tate
504 2017 742 2093 Pentecostes,
756 2018 800 2081 ab
814 2016 929 2080 insula
950 2036 1144 2098 erumpens,
1160 2018 1204 2081 ad
1221 2017 1362 2082 Petram

415 2117 570 2200 Egherti,
594 2136 672 2198 quae
700 2122 753 2180 est
779 2117 816 2178 in
840 2115 998 2180 orientali
1023 2125 1123 2198 parte
1145 2116 1257 2194 silvae,
1285 2138 1362 2201 quae

414 2217 573 2280 Salwode
588 2217 725 2292 dicitur,
749 2216 930 2298 equitavit.
984 2214 1040 2278 Ihi
1056 2235 1194 2298 quoque
1213 2217 1363 2281 conflue·

414 2317 498 2379 bant
513 2317 556 2379 ad
575 2335 652 2379 eum
670 2334 801 2391 omnes,
820 2315 879 2396 qui
896 2307 946 2377 ¹in
965 2313 1033 2377 illis
1049 2315 1174 2379 finibus
1191 2335 1364 2380 remanse-

414 2423 505 2492 rant,
515 2416 697 2497 [immenso
708 2414 835 2496 gaudio
851 2413 986 2496 repleti,
996 2413 1087 2497 quod
1103 2434 1220 2496 regem
1231 2415 1363 2480 incolu-

413 2533 503 2576 mem
520 2513 750 2595 recepissent3
773 2532 874 2577 mane
897 2519 1013 2577 autem
1033 2522 1149 2578 castra
1172 2524 1364 2594 moventes,

413 2613 559 2675 duorum
585 2631 723 2675 emenso
748 2613 871 2676 itincre
899 2612 1045 2689 dierum,
1071 2606 1134 2677 ²ad
1156 2613 1282 2691 locum,
1306 2616 1363 2698 qui

413 2710 620 2775 Ethendune
633 2710 769 2788 dicitur,
787 2720 1030 2794 pervenerunt.

516 2888 626 2972 (lytra,
641 2909 695 2952 reu
703 2909 863 2973 poponus,
871 2887 969 2971 fidem
985 2888 1102 2953 careri
1115 2889 1257 2974 suscepit.

250 3022 358 3112 33ng
358 3021 383 3062 01
465 3011 677 3075 Invenerunt
699 3019 814 3075 autem
840 3012 888 3075 ibi
903 3004 1126 3095 ³Gytronem,
1148 3032 1364 3097 paganorum

251 3124 336 3214 512th
343 3122 380 3163 ὼε
413 3131 541 3193 regem,
556 3118 592 3174 et
606 3110 796 3174 exercitum
810 3111 886 3195 ejus
896 3111 1107 3190 uuiversum,
1125 3120 1246 3178 eontra
1263 3132 1364 3196 quem

413 3211 578 3275 atrociter
593 3218 629 3273 et
650 3211 736 3274 satis
752 3211 906 3275 animose
921 3212 1148 3288 decertantes,
1170 3211 1289 3275 divina
1306 3232 1364 3275 co·

413 3317 578 3392 operante
596 3309 791 3386 clementia,
806 3310 987 3374 victoriam
1010 3319 1244 3394 reportarunt,
1260 3319 1364 3394 atque

442 3552 450 3583 ¹
467 3554 499 3602 [a
517 3553 570 3601 illo
580 3550 677 3616 finibus
690 3546 876 3620 renumeraret]
940 3548 1001 3601 ²Aa
1023 3554 1108 3614 lucum,
1129 3553 1172 3616 qui
1193 3554 1367 3618 numm]

411 3623 465 3670 The
477 3623 633 3682 manuscript
650 3623 672 3669 is
689 3621 877 3682 unfortunately
902 3621 956 3671 'l'he
978 3623 1062 3672 Saxon
1091 3621 1186 3673 chron.
1213 3624 1266 3673 and
1288 3627 1366 3674 Assar

413 3692 544 3753 imperfect
561 3691 624 3739 nom
646 3690 698 3738 this
719 3691 790 3751 point
812 3692 876 3739 until
901 3696 966 3740 atate
988 3691 1043 3740 that
1066 3691 1097 3741 he
1120 3692 1174 3741 tirat
1195 3694 1315 3744 marched
1339 3700 1364 3744 to

413 3761 504 3808 almost
521 3761 564 3808 the
583 3760 632 3808 end
648 3759 677 3807 os
691 3759 733 3807 the
745 3775 807 3820 year
817 3764 875 3810 894.
901 3761 1017 3823 AEcgley,
1027 3776 1056 3810 or
1066 3760 1240 3824 lgley‚called
1253 3765 1364 3826 bySpel·

411 3828 465 3877 The
484 3834 538 3878 text
556 3829 585 3877 oi
599 3828 724 3878 Matthew
743 3829 772 3877 of
791 3831 875 3878 West-
900 3845 958 3879 man
985 3830 1117 3893 ‘Okely,'
1143 3832 1193 3879 and
1221 3832 1312 3883 thence
1339 3839 1364 3883 to

412 3900 515 3947 minster
534 3899 556 3947 ie
575 3897 698 3946 therefore
715 3900 828 3947 retained
845 3914 874 3948 as
901 3901 1062 3962 Etheudune,
1072 3901 1107 3961 hy
1117 3899 1203 3950 which
1215 3902 1293 3951 Certe
1304 3917 1364 3964 aup-

411 3970 432 4016 it
449 3970 472 4016 is
488 3968 565 4017 found
584 3969 610 4016 in
626 3968 668 4015 the
680 3968 810 4017 Franciort
821 3970 874 4017 edi·
899 3984 973 4030 poses
989 3976 1015 4018 to
1032 3972 1064 4018 be
1081 3970 1200 4019 intended
1213 3972 1364 4034 Yuttendon,

409 4038 462 4088 tion
483 4039 513 4088 oi
527 4042 599 4099 leot,
621 4038 730 4086 collated
752 4040 778 4086 in
802 4053 874 4088 casea
899 4039 1364 4104 inBerkshire3seeHist.i.p.³tlt),

409 4109 439 4160 of
455 4125 505 4171 any
515 4108 632 4159 doubtful
650 4107 768 4170 readings
778 4107 840 4156 with
858 4124 874 4157 a
897 4113 960 4159 aete.

410 4196 471 4241 very
482 4180 600 4230 valuahle
618 4178 667 4226 and
683 4179 753 4239 early
773 4179 829 4226 MS.
847 4179 873 4228 iu
932 4177 943 4208 ³
956 4172 1110 4246 apamea]
1125 4178 1363 4244 ‘Gytrum,'1.eu‹t.

410 4250 451 4299 the
461 4251 585 4300 Bodleian
595 4249 689 4307 library
700 4264 708 4307 ;
720 4249 803 4311 Laud,
815 4252 871 4298 5⁷2.
898 4248 955 4299 MS.
