3000 5004
422 457 562 506 neonus
586 457 853 509 ursronmnuu.
1064 442 1108 507 21

156 613 249 678 modi
279 614 474 693 audientes,
504 624 669 699 ceperunt
690 615 856 701 juvenem
886 635 965 679 cum
998 623 1109 682 matre

157 714 245 797 ejus,
274 722 310 778 et
338 715 382 778 ad
418 735 533 796 regem
565 715 658 779 illico
688 716 937 798 perduxerunt.
1004 716 1110 781 Cum-

156 814 286 895 quein
311 815 497 897 praesentia
523 816 616 896 regis
644 822 762 879 essent
785 814 978 895 constituti,
1000 817 1109 899 coepit

156 911 342 995 diligenter
367 932 389 977 a
412 921 524 978 matre
550 913 694 978 infantis
718 934 886 998 quaerere,
912 935 982 998 quo
1008 923 1108 999 patre

157 1031 303 1094 puerum
326 1015 528 1096 generavit3
552 1012 598 1077 ad
619 1033 721 1097 quem
749 1014 823 1091 illa,
847 1013 972 1079 ‘Vivit
993 1033 1108 1079 amma
1118 1033 1204 1125 pippim
1188 1033 1213 1073 r

158 1130 249 1189 mea,
261 1111 401 1176 domine
415 1113 463 1176 mi
477 1132 554 1190 rex,
569 1115 734 1197 quoniam
751 1132 829 1177 cum
846 1133 957 1178 essem
978 1114 1015 1177 in
1029 1114 1107 1179 tha·

158 1211 250 1275 lamo
268 1212 442 1277 Domeciae
469 1213 574 1294 regis,
598 1214 708 1295 patris
731 1213 812 1290 mei,
839 1213 1001 1295 apparuit
1024 1213 1108 1277 mihi

158 1311 298 1393 quidam
323 1312 360 1375 in
386 1312 501 1394 specie
522 1311 744 1394 pulcherrimi
760 1311 913 1396 juvenis,
929 1320 964 1377 et
986 1313 1108 1394 saepis·

157 1409 245 1474 sime
258 1411 471 1494 amplectens
490 1411 622 1475 strictis
644 1410 794 1475 brachiis
811 1411 933 1477 oscula
949 1410 1033 1474 mihi
1050 1411 1109 1474 de-

160 1510 231 1590 dit;
255 1518 291 1575 et
315 1530 394 1575 cum
416 1510 459 1574 de
480 1530 535 1575 me
557 1510 640 1594 quid
657 1509 724 1574 sibi
748 1511 880 1593 placuit
895 1509 1108 1594 perfecisset,

161 1610 277 1673 subito
299 1628 509 1674 evanescens
533 1609 696 1690 recessit;
713 1624 860 1695 cumque
879 1630 934 1674 me
956 1611 992 1673 in
1016 1610 1108 1674 hunc

160 1709 299 1774 modum
324 1709 383 1773 diu
407 1708 673 1792 frequentasset,
689 1710 870 1793 gravidam
890 1730 945 1775 me
967 1710 1107 1774 tandem

159 1809 311 1891 reliquit,
336 1828 399 1874 nec
423 1816 478 1873 est
499 1808 587 1873 aiter
608 1810 669 1893 qui
685 1810 852 1894 juvenem
868 1811 973 1874 istum
996 1810 1032 1873 in
1054 1829 1109 1875 me

159 1907 363 1989 generavit!
413 1908 514 1974 Tunc
538 1928 601 1973 rex
633 1928 741 1992 supra
761 1909 902 1974 modum
932 1909 1108 1973 admirans

162 2008 303 2073 vocavit
320 2007 500 2093 juvenem,
515 2027 674 2091 quaerens
688 2009 733 2072 ab
752 2029 794 2074 eo
807 2029 877 2092 quo
895 2008 1035 2073 nomine
1048 2028 1110 2073 vo·

157 2115 310 2172 caretur.
361 2106 485 2186 Porro,
507 2127 585 2172 cum
610 2126 648 2172 se
675 2108 862 2173 Merlinum
886 2106 1109 2172 Ambrosium

160 2206 267 2271 fuisse
292 2214 456 2272 vocatum
486 2207 669 2285 diceretur,
694 2207 857 2291 quaesivit
884 2226 907 2271 a
935 2227 1028 2290 rege,
1053 2214 1109 2271 ut·

161 2306 243 2389 quid
260 2306 335 2389 ipse
347 2314 383 2371 et
396 2313 507 2370 mater
522 2307 599 2391 ejus
620 2307 664 2371 ad
679 2308 772 2388 regis
786 2307 1006 2390 praesentiam
1023 2305 1109 2370 fuis·

161 2413 240 2470 sent
265 2404 430 2486 adducti;
464 2406 520 2470 cui
543 2425 604 2470 rex
630 2406 875 2488 vortigernus,
899 2405 1021 2487 ‘Magi
1043 2406 1111 2469 mei

161 2505 285 2570 dedere
299 2505 383 2569 mihi
394 2505 587 2583 consilium,
601 2514 641 2570 ut
653 2505 819 2590 juvenem
835 2505 910 2570 sine
927 2513 1025 2589 patre
1034 2525 1112 2588 per·

162 2605 346 2687 quirerem,
363 2605 464 2689 cujus
482 2606 653 2688 sanguine
669 2625 757 2688 opus
776 2625 888 2676 meum
903 2605 1111 2670 irroraretur

163 2711 201 2768 et
215 2704 366 2784 staret;'
392 2705 448 2769 cui
468 2704 651 2782 Merlinus,
664 2705 708 2768 J
712 2706 779 2770 ube
804 2724 925 2787 magos
949 2713 1028 2770 tuos
1050 2724 1108 2769 co
1122 2723 1272 2814 numme

163 2822 238 2867 ram
252 2823 308 2867 me
324 2802 454 2881 venire,
472 2810 508 2868 et
521 2805 724 2868 convincam
746 2824 806 2869 eos
820 2805 1067 2869 mendacium
1057 2823 1109 2867 m·
1095 2773 1216 2875 -10r30.¹¹
1231 2784 1259 2812 ''

163 2903 321 2984 venisse;
353 2902 547 2967 nescientes
570 2904 661 2967 enim
683 2905 766 2987 quid
792 2905 858 2968 sub
885 2904 1110 2969 fundamento

163 3003 223 3080 sit,
250 3022 312 3086 per
333 3001 548 3066 mendacium
565 3003 664 3068 vobis
688 3003 890 3069 satisfacere
913 3005 1110 3087 cupiebant.

162 3101 232 3166 Sed
249 3121 337 3166 voca
353 3102 530 3185 operarios
552 3109 645 3180 tuos,
659 3102 797 3168 domine
813 3104 860 3166 mi
883 3123 958 3181 rex,
975 3111 1011 3167 et
1025 3102 1111 3186 jube

164 3209 292 3265 terram
306 3199 435 3279 fodere,
456 3208 493 3265 et
511 3201 666 3266 invenies
685 3211 846 3285 stagnum
865 3203 930 3265 sub
952 3220 1006 3279 ea,
1019 3199 1112 3283 quod

165 3319 254 3383 opus
268 3308 363 3365 stare
374 3320 445 3365 non
458 3301 629 3384 permittit
639 3302 660 3380 3’
677 3300 862 3383 quodcum
879 3300 1010 3363 factum
1027 3298 1112 3363 fuis-

164 3407 232 3476 set,
246 3400 454 3465 invenerunt
469 3401 586 3464 omnia
599 3419 678 3483 quae
693 3419 715 3463 a
733 3399 885 3463 Merlino
898 3399 1113 3463 dicebantur.

164 3498 266 3563 Tunc
289 3498 460 3563 Merlinus
488 3499 532 3563 ad
555 3516 677 3580 magos
701 3499 870 3564 accedens
892 3498 954 3576 ait,
975 3498 1114 3563 ‘Dicite

166 3598 250 3662 mihi
264 3598 391 3676 adhuc,
406 3597 564 3664 vilissimi
579 3598 789 3676 adulatores,
805 3597 889 3682 quid
910 3598 975 3662 sub
988 3604 1116 3680 stagno

167 3697 299 3761 latetl’
351 3695 402 3762 At
433 3697 485 3761 illi
501 3698 601 3762 »nihil
631 3699 879 3781 respondentes
907 3705 1114 3778 tacuerunt;

166 3804 205 3861 at
238 3795 408 3861 Merlinus
438 3816 626 3862 conversus
654 3797 699 3860 ad
726 3817 842 3881 regem
868 3796 972 3875 dixit,
1002 3796 1045 3859 ‘J
1049 3797 1115 3861 ube

166 3892 298 3960 hauriri
312 3903 477 3978 stagnum
500 3916 562 3980 per
577 3895 721 3975 rivulos,
735 3898 821 3962 etin
837 3895 945 3961 fundo
961 3897 1116 3961 invenies

165 3995 254 4059 duos
279 3994 414 4078 lapides
436 4014 609 4060 concavos
631 4004 667 4062 et
692 3996 728 4060 in
751 3997 820 4061 illis
838 3995 925 4060 duos
947 3995 1116 4060 dracones

166 4087 399 4159 dormientes!
448 4093 621 4161 credulus
637 4115 721 4178 ergo
738 4116 802 4160 rex
819 4114 922 4178 super
937 4093 1052 4157 verbis
1074 4092 1115 4155 il·

167 4192 236 4259 lius
261 4193 369 4279 jussit
400 4193 531 4260 hauriri
567 4202 742 4280 stagnum,
782 4203 829 4273 et,
867 4191 1117 4259 admirantibus
