3000 5004
486 446 627 496 enonas
650 447 919 497 uisroareaun.
1134 437 1176 500 51

221 607 260 663 ut
283 602 444 683 superius
465 603 614 668 relatum
637 612 703 682 ests
718 605 915 687 diffugerat,
932 606 968 671 in
991 626 1094 670 manu
1110 627 1173 672 va·

219 698 291 762 lida
318 709 354 764 et
381 711 529 780 armata,
560 704 596 767 in
628 704 818 786 aquilonali
849 715 950 788 parte
979 706 1172 771 Britanniae

219 799 398 881 applicuit,
425 809 465 866 ut
491 822 568 866 sese
591 822 632 867 ao
657 811 790 885 patrem
810 824 912 868 suum
933 807 969 870 in
984 804 1170 870 Aurelium

218 918 335 980 regem
353 901 537 965 Britonum
552 903 755 968 vindicaret.
808 904 966 988 Cumque
981 907 1056 986 regi
1079 926 1168 969 nun·

217 998 341 1062 tiatum
359 999 494 1077 luisset,
512 1001 653 1084 collegit
672 1003 864 1068 exercitum
883 1012 918 1069 et
932 1005 1070 1069 obviam
1090 1025 1168 1088 per·

217 1098 330 1178 rexit3
362 1100 423 1181 qui
448 1100 541 1164 ultro
564 1100 607 1164 ad
631 1102 788 1183 praelium
816 1103 993 1168 venientes
1015 1123 1166 1185 pugnam

215 1198 473 1276 commiserunt,
490 1201 550 1264 sed
578 1199 785 1265 Pascentius
811 1202 950 1266 tandem
966 1203 1079 1266 victus
1102 1211 1168 1281 est,

215 1302 251 1360 et
264 1296 301 1360 in
315 1296 433 1379 fugam
448 1299 644 1382 propulsus.

390 1475 439 1539 Do
452 1484 547 1540 morlo
561 1475 689 1540 Aurelii
704 1476 783 1561 repis
797 1476 986 1539 Britannice.

264 1596 370 1664 Anno
392 1600 516 1679 gratiae
543 1597 972 1663 ccccxcv11.Pascentius
993 1617 1163 1662 memora·
1177 1615 1287 1658 seor.

212 1703 282 1774 tus,
305 1698 348 1761 ad
375 1698 648 1764 Gillomannium
671 1717 787 1780 regem
812 1697 991 1761 Hiberniae
1020 1716 1058 1760 so
1081 1667 1294 1807 con-‘iil’linif‘ffe'ii³

212 1794 338 1873 serene,
366 1798 558 1881 postulavit
588 1798 768 1876 auxilium,
794 1805 835 1862 ut
861 1817 899 1861 se
921 1799 957 1861 in
980 1794 1162 1862 Aurelium
1184 1777 1207 1807 ⁰¹
1251 1794 1257 1807 '

212 1896 425 1977 vindicaret3
465 1897 722 1963 Gillomannius
755 1917 849 1974 vero,
884 1897 967 1979 quia
998 1895 1162 1962 Aurelius

212 1993 383 2060 Choream
405 1998 586 2080 gigantum
601 1999 646 2061 ab
664 1995 834 2060 Hibernia
850 1996 1019 2060 violenter
1034 1997 1161 2079 adpor-

211 2100 361 2174 taverat,
383 2096 552 2161 auxilium
574 2097 742 2179 promisit.
795 2094 935 2159 Paratis
957 2096 1076 2178 itaque
1100 2116 1162 2161 na·

213 2194 314 2258 vibus
331 2196 561 2260 ascenderunt
584 2215 656 2273 eas,
674 2203 710 2259 et
725 2194 811 2258 velis
833 2196 1007 2277 prosperis
1022 2197 1059 2259 in
1078 2197 1161 2260 urbe

212 2290 377 2358 Menevia
398 2296 630 2379 appulerunt3
658 2314 728 2377 quo
750 2294 943 2376 divulgato,
958 2293 1071 2358 Utber
1090 2292 1160 2358 sra-

210 2398 264 2455 ter
277 2390 424 2473 Aurelii,
440 2396 524 2478 quia
543 2403 579 2458 et
600 2395 674 2477 ipse
689 2394 845 2457 infirmus
861 2393 1016 2476 Jacebat,
1038 2401 1161 2459 contra

211 2490 484 2558 Gillomannium
506 2501 542 2557 et
565 2493 788 2558 Pascentium
812 2493 848 2556 in
864 2491 1062 2557 cambriam
1084 2513 1161 2576 per-

210 2591 310 2656 rexit.
363 2593 431 2658 Sed
456 2593 661 2657 Pascentius
692 2600 879 2675 antequam
903 2612 1057 2675 pugnam
1080 2613 1158 2657 cum

213 2689 325 2755 Uther
340 2691 448 2758 fratre
464 2693 556 2775 regis
570 2693 685 2769 iniret,
701 2712 778 2756 cum
796 2691 977 2755 Aurelium
991 2693 1159 2757 infirmari

209 2792 441 2872 cognovisset,
450 2791 781 2874 corrupitquondam
791 2790 1013 2868 Saxonicum,
1024 2791 1158 2873 Eopam

209 2890 359 2967 nomine,
372 2891 524 2955 donariis
533 2890 663 2968 multis,
676 2898 716 2955 ut
727 2884 920 2954 ¹Aurelium
930 2910 1046 2972 regem
1055 2911 1159 2954 vene-

209 3007 255 3053 no
272 2990 415 3072 perdere
429 2997 642 3074 procuraret.
681 2989 732 3054 At
746 2990 902 3072 proditor
915 2989 987 3066 ille,
1001 2989 1156 3054 habitum

208 3089 368 3170 monachi
388 3091 591 3173 suscipiens,
607 3108 728 3154 versus
742 3089 959 3154 Wintoniam
981 3090 1047 3153 iter
1069 3089 1155 3152 arri-

207 3189 305 3270 puit3
328 3198 503 3273 postremo
527 3192 648 3253 urbem
668 3190 844 3271 ingressus
863 3196 898 3252 et
923 3207 961 3251 se
986 3189 1156 3251 medicum

207 3288 342 3370 fingens
365 3291 470 3372 regiis
486 3290 653 3353 ministris
668 3289 871 3371 obsequium
894 3306 995 3349 suum
1019 3287 1156 3364 obtulit,

207 3389 267 3470 qui
297 3389 383 3453 nihil
414 3390 662 3472 potiusquam
695 3387 865 3451 medicum
900 3387 1154 3468 expectabant3

206 3489 265 3572 qui
287 3489 427 3553 tandem
442 3488 486 3553 ad
504 3489 595 3570 regis
610 3487 832 3571 praesentiam
848 3485 1034 3568 perductus
1051 3505 1156 3550 vene-

206 3607 288 3651 num
320 3591 351 3653 ei
385 3589 553 3671 porrexit,
576 3607 645 3670 quo
669 3587 807 3664 hausto,
833 3587 1000 3668 praecepit
1021 3586 1072 3649 illi
1094 3605 1155 3649 ne·

204 3687 329 3752 landus
343 3688 499 3771 proditor
518 3694 557 3751 ut
571 3687 747 3765 dormiret,
766 3694 968 3768 recepturus
986 3686 1078 3750 illico
1099 3705 1155 3749 sa-

205 3789 372 3867 nitatem3
396 3807 458 3851 nec
481 3806 589 3864 mora,
606 3786 770 3850 illabente
792 3805 854 3868 per
875 3805 980 3868 poros
1001 3786 1154 3869 corporis
1166 3802 1269 3842 neunt

204 3895 239 3950 et
270 3907 377 3952 “³⁰³⁸
408 3906 554 3962 venem,
587 3905 680 3949 mors
710 3887 841 3968 pariter
872 3886 1059 3952 subsecuta
1089 3893 1153 3950 est.
1166 3853 1301 3894 *mmm

237 4095 244 4125 ¹
254 4091 497 4164 Aurelianum]
510 4095 541 4145 In
550 4096 592 4144 the
601 4095 667 4145 Ger·
692 4095 768 4143 fallen
785 4095 812 4142 in
824 4094 903 4143 battle
914 4095 940 4142 in
951 4093 993 4142 the
1005 4095 1065 4142 time
1076 4092 1105 4142 ol
1112 4092 1155 4140 the

201 4167 407 4218 manChroniele
425 4166 595 4227 compiledby
608 4166 668 4214 Mu·
692 4179 805 4226 emperor
825 4165 903 4214 Zeno.
941 4164 990 4213 Ed.
1010 4163 1103 4212 Pistor.
1128 4177 1154 4223 p.

200 4239 264 4300 tius,
276 4238 427 4287 Ambrosius
446 4237 469 4286 is
486 4236 542 4285 said
560 4241 585 4284 to
602 4235 667 4284 have
693 4237 733 4284 ⁸4.

1007 4320 1049 4365 Η
