3000 5004
582 497 778 546 ruouocus.
1131 481 1154 544 3

201 653 364 730 nationis,
388 654 517 736 [nullo]
540 657 772 738 praetermisso
792 675 902 738 usquo
929 655 972 718 ad
997 663 1154 737 tempora

201 762 334 829 nostra,
353 754 387 816 in
403 773 490 835 quos
504 756 604 836 quasi
621 755 705 819 fines
723 756 916 819 seculorum
926 755 1152 831 devenerunt,

201 853 322 934 dequo
338 872 403 916 suo
418 860 573 935 tempore
584 855 720 937 plenius
732 874 989 937 prosequemur.
1020 854 1151 918 Neces-

201 953 331 1015 sarium
356 959 472 1015 tamen
497 954 668 1017 credimus
692 962 832 1036 propter
859 954 1057 1018 fastidiosos
1083 952 1151 1016 lec-

201 1058 295 1114 tores
316 1052 577 1134 scripturarum,
594 1053 654 1135 qui
671 1053 714 1116 de
732 1052 826 1116 sacili
847 1071 1013 1116 nauscam
1036 1053 1150 1115 incur·

203 1157 296 1227 runt,
307 1150 461 1214 historiae
476 1150 589 1215 facere
600 1152 818 1228 brevitatem,
833 1159 872 1216 ut
888 1152 969 1213 dum
984 1152 1019 1214 in
1031 1152 1151 1232 paucis

202 1257 238 1312 et
268 1251 371 1313 rebus
397 1249 660 1314 delectabilibus
691 1269 803 1332 pauca
832 1251 1007 1332 reperiunt
1035 1257 1071 1312 et
1094 1249 1150 1331 jo-

202 1348 327 1425 cunda,
344 1349 477 1411 animos
500 1349 686 1413 eorundem
712 1351 747 1412 in
771 1368 921 1411 amorem
943 1347 1058 1410 brevis
1083 1348 1151 1410 lec-

203 1448 307 1511 tionis
324 1455 360 1510 et
377 1467 420 1510 ex
440 1449 549 1530 pigris
572 1447 788 1511 auditoribus
806 1466 847 1510 ac
868 1445 1021 1510 taediosis
1043 1445 1150 1509 lecto·

203 1547 298 1609 ribus
314 1546 497 1610 reddamus
510 1546 694 1612 studiosos.
722 1546 870 1628 Sumpta
880 1552 996 1609 autem
1014 1552 1096 1609 sunt
1110 1564 1152 1608 ea

202 1665 282 1727 quae
298 1653 492 1728 sequuntur
505 1666 550 1709 ex
565 1646 662 1709 libris
682 1647 888 1729 scriptorum
904 1644 1150 1709 catholicorum

203 1744 337 1827 fideque
354 1745 550 1827 dignorum,
567 1746 664 1809 velut
689 1765 734 1809 ex
753 1746 864 1828 pratis
886 1743 1033 1808 diversis
1049 1743 1151 1807 flores

203 1845 292 1908 varii
309 1845 521 1927 colliguntur
541 1845 678 1922 coloris,
692 1854 731 1909 ut
750 1846 827 1928 ipsa
844 1846 1008 1920 varietas,
1032 1843 1152 1907 multis

203 1944 369 2026 insignita
383 1945 570 2020 coloribus,
590 1944 704 2009 varias
719 1945 909 2027 legentium
924 1950 1057 2007 mentes
1075 1941 1152 2005 refi-

203 2044 273 2107 ciat
292 2050 340 2121 et,
361 2045 544 2127 saporibus
569 2043 715 2108 diversis
740 2044 974 2126 praegustatis,
1002 2042 1045 2105 ad
1069 2060 1152 2105 usus

201 2143 423 2209 delectabiles
439 2141 588 2208 sufficiat
605 2143 833 2225 singulorum.

508 2439 677 2489 EXPLlCl'l'
704 2437 901 2487 PROLOGUS.
