3000 5004
373 458 440 522 304
633 471 767 520 uocum
791 470 838 518 un
861 466 1068 518 wruoovna

375 629 418 693 de
441 627 549 710 stirpe
571 629 667 710 regia
693 629 786 692 illius
803 628 917 710 gentis
941 626 1156 710 progenitus,
1174 618 1333 690 'nomine

377 728 622 807 Lothbrocus;
661 728 729 805 hic,
761 748 840 792 cum
875 727 962 790 duos
998 727 1099 803 lilios,
1140 719 1331 806 'Hinguar

377 828 510 890 scilicet
526 834 561 891 et
577 827 754 905 Hubbam,
777 847 822 890 ex
840 846 949 890 uxore
971 827 1159 908 genuisset,
1176 824 1329 908 quadam

377 926 432 988 die
463 945 539 990 cum
567 928 730 1008 accipitre
757 926 853 989 solus
882 927 1019 989 brevem
1047 924 1243 988 naviculam
1274 923 1329 986 in·

377 1044 530 1105 gressus,
560 1034 599 1089 ut
636 1026 671 1088 in
704 1025 827 1088 insulis
864 1025 969 1088 maris
1000 1031 1035 1088 et
1070 1032 1172 1088 terrae
1204 1022 1329 1086 vicinis

378 1131 499 1188 anates
519 1131 555 1187 et
569 1124 724 1188 aviculas
747 1124 834 1187 alias
850 1131 1093 1205 aucuparetur,
1109 1123 1226 1186 subita
1242 1128 1331 1185 tcm-

377 1229 514 1305 pestate
535 1225 689 1299 suborta,
708 1224 800 1286 iutra
825 1223 931 1286 maris
951 1222 1168 1285 latitudinem
1194 1228 1329 1303 raptus,

377 1322 499 1385 diebus
529 1322 661 1405 aliquot
693 1341 772 1385 cum
804 1322 964 1386 noctibus
995 1321 1061 1385 huc
1089 1320 1241 1402 illucque
1269 1314 1330 1382 de·

373 1420 490 1503 jactus
514 1421 667 1502 graviter
692 1421 905 1499 vexabatur3
931 1421 992 1502 qui
1018 1419 1156 1483 tandem
1176 1417 1327 1500 plurima

378 1521 484 1582 maris
510 1520 662 1601 pericula
686 1538 870 1602 perpessus
894 1519 931 1581 in
957 1516 1123 1599 Angliam
1150 1516 1327 1600 projectus
1369 1576 1376 1586 .

378 1624 444 1694 est,
460 1625 496 1680 et
521 1618 556 1680 in
582 1619 761 1701 provincia
784 1618 1002 1682 orientalium
1019 1616 1226 1698 Anglorum,
1250 1635 1331 1699 quaa

380 1714 542 1779 Nortlolc
564 1719 608 1780 ab
633 1717 755 1780 incolis
778 1716 915 1792 dicitur,
939 1716 1031 1798 apud
1057 1710 1236 1778 ³Redham
1261 1713 1328 1779 vil·

379 1811 448 1875 lam
477 1813 663 1895 applicuit;
689 1817 749 1896 qui
776 1816 865 1880 sorte
892 1817 936 1878 ab
958 1814 1154 1878 hominibus
1176 1812 1328 1894 regionis

380 1931 458 1974 cum
483 1913 646 1994 accipitre
668 1914 763 1977 solus
778 1915 953 1991 iuventus,
969 1913 1042 1995 regi
1066 1912 1328 1993 Est-anglorum

381 2009 585 2076 Eadmundo
602 2033 664 2094 pro
680 2014 845 2077 miraculo
871 2019 1113 2095 praesentatur,
1136 2018 1171 2075 et
1188 2012 1233 2074 ab
1250 2011 1328 2093 ipso

380 2129 474 2191 rege,
497 2119 640 2193 propter
669 2112 961 2192 elegantissimam
990 2112 1144 2193 corporis
1170 2111 1328 2186 sormam,

380 2227 458 2273 cum
481 2208 610 2274 honore
640 2218 812 2292 receptus,
841 2210 1041 2292 aliquandiu
1071 2209 1227 2272 incuria
1250 2208 1327 2292 ejus

381 2309 557 2384 remansit,
584 2316 619 2372 et
644 2309 807 2392 quoniam
840 2309 961 2390 lingua
995 2309 1174 2372 Danorum
1203 2306 1328 2388 Angli-

381 2424 476 2469 canae
494 2406 640 2488 loquelae
658 2409 772 2472 vicina
789 2419 853 2484 est,
868 2407 1085 2471 Lothbrocus
1100 2406 1174 2488 regi
1189 2425 1330 2470 narrare

380 2505 487 2585 coepit
517 2524 586 2585 quo
618 2526 701 2569 casu
731 2508 767 2569 in
793 2505 957 2587 Angliam
987 2506 1110 2569 suisset
1141 2504 1329 2588 projectus.

381 2600 594 2667 Placucrunt
619 2605 737 2688 itaque
752 2604 948 2668 Lothbroco
974 2604 1009 2667 in
1029 2624 1110 2685 rege
1125 2603 1330 2667 Eadmundo

380 2719 511 2762 morum
529 2702 707 2783 plenitudo
729 2710 764 2766 ct
785 2703 918 2767 militiae
942 2703 1124 2784 disciplina
1145 2701 1327 2785 quamplu-

380 2798 516 2876 rimum,
540 2801 642 2864 simul
666 2810 701 2865 et
720 2802 897 2865 curialitas
919 2800 1130 2865 adstantium
1154 2801 1328 2864 ministru-

380 2916 468 2975 rum,
486 2918 573 2979 quos
588 2901 715 2982 regulis
728 2901 899 2965 industria
912 2901 948 2963 in
963 2900 1056 2964 omni
1072 2918 1185 2962 rerum
1204 2906 1329 2962 ornatu

380 3003 415 3059 et
439 2997 613 3062 schemate
635 3001 816 3062 verborum
841 2999 988 3082 pleniter
1010 2997 1221 3062 informavit.
1272 2995 1329 3061 Ad

379 3094 468 3158 hanc
484 3116 621 3180 quoque
634 3097 849 3161 Lothbrocus
865 3117 998 3161 morum
1015 3096 1233 3179 disciplinam
1250 3116 1329 3178 pro·

380 3201 525 3258 vocatus
541 3198 687 3277 rogabat
703 3216 819 3278 regem
845 3195 1062 3278 propensius,
1077 3202 1117 3259 ut
1130 3195 1195 3258 sibi
1211 3195 1330 3259 liceret

378 3291 416 3353 in
443 3293 520 3375 ejus
544 3297 640 3358 curia
661 3295 842 3372 demorari,
867 3302 906 3359 ut
922 3295 1027 3376 regiis
1050 3301 1168 3376 posset
1194 3293 1329 3376 plenius

315 3422 322 3437 ·
380 3388 504 3455 instrui
527 3393 737 3477 disciplinis;
764 3412 909 3476 cumque
933 3413 997 3457 rex
1015 3392 1242 3456 Eadmuudus
1268 3413 1327 3475 pe·

380 3488 536 3554 titionem
567 3493 643 3576 ejus
680 3495 866 3557 clementer
898 3492 1109 3568 exaudisset,
1134 3491 1258 3574 junxit
1292 3510 1329 3555 se

379 3586 597 3653 Lothbrocus
615 3593 772 3656 venatori
792 3592 883 3673 regis
906 3590 1043 3655 nomine
1066 3591 1194 3667 Berno,
1212 3598 1252 3654 ut
1274 3609 1327 3653 ar·

378 3692 447 3748 tem
463 3689 691 3766 venatoriam,
715 3691 751 3753 in
774 3710 844 3772 qua
869 3690 982 3754 fuerat
1003 3690 1159 3753 eruditus
1182 3689 1228 3752 ad
1254 3689 1326 3772 ple·

415 3943 541 3997 ¹Nomr're
561 3948 731 4014 Lothbrocua]
759 3952 840 4002 called
865 3952 1318 4017 theSsxonchrontcle‘Higwsts'

377 4016 491 4078 bySaxo
509 4019 658 4080 ‘Regnerus
675 4020 842 4084 Lodbrogus:
900 4019 1059 4086 'Redham,]
1084 4022 1211 4084 avillage
1233 4038 1266 4072 ou
1287 4023 1328 4072 tlre

376 4100 405 4135 or
416 4087 423 4114 ‘
433 4087 535 4149 Ragnar
542 4088 656 4137 Lodbroc
664 4089 680 4148 ς’
692 4103 734 4138 see
748 4092 840 4140 Ponto·
866 4093 933 4141 Yure
944 4095 1011 4141 river
1022 4093 1048 4140 in
1060 4091 1189 4152 Norfolk;
1207 4091 1329 4154 camden,

377 4157 788 4292 ηυξἩΙὲῗωΙίῗ.Ῐίἷερὶ.βθθὲΠεᾰ
814 4231 819 4242 Ι
863 4161 1020 4280 pdehdd‘lj
1048 4161 1131 4210 called
1153 4161 1187 4222 by
1211 4162 1328 4213 Bronton

552 4264 558 4278 .
707 4245 720 4278 c
812 4246 837 4279 ru
954 4246 1004 4282 um.
