3000 5004
350 462 416 526 152
609 473 742 523 noorai
768 474 815 520 nn
839 472 1046 521 wnnoovnn

350 634 402 697 illi
421 632 534 696 locum
559 631 715 714 praefatae
734 630 877 695 visionis
901 629 1127 706 declaratum,
1148 629 1208 692 ubi
1231 650 1306 694 mo·

352 733 504 796 uastatio
529 732 565 794 in
587 732 751 795 honorem
777 738 968 813 martyrum
991 727 1162 793 fabricato
1178 729 1308 794 dilecta

354 833 432 897 Deo
464 831 714 912 Ermenburga,
745 830 970 913 septuaginta
999 829 1065 892 sibi
1098 829 1307 894 monialibus

355 931 510 1007 sociatis,
533 931 610 994 Deo
629 931 773 1011 dignum
795 930 895 994 bouae
919 928 1193 994 conversationis
1212 929 1307 993 fruc-

355 1038 429 1096 tum
455 1029 613 1106 offerens,
630 1030 769 1094 tandem
793 1028 829 1092 in
852 1028 1005 1092 Domino
1027 1029 1171 1111 quievit.
1224 1027 1306 1093 Hoc

354 1130 459 1195 etiam
473 1137 629 1212 tempore
642 1129 841 1211 Botulphus
855 1127 948 1210 apud
960 1120 969 1160 ¹
979 1126 1184 1193 Hiccanhoe
1197 1128 1308 1193 eccle·

354 1230 442 1294 siam
459 1230 663 1295 construxit.

530 1404 580 1469 Do
597 1410 691 1468 morto
703 1402 821 1467 Panda
835 1403 915 1488 repis
931 1401 1133 1467 Marciorum.

214 1573 249 1585 ..
298 1574 304 1586 .
406 1527 512 1592 Anno
542 1529 665 1610 gratiae
698 1544 803 1591 nch.
835 1526 957 1590 Penda
990 1547 1053 1591 rex
1084 1525 1307 1606 Muciorum,

351 1628 497 1712 jubente
514 1627 737 1692 cadwollone
755 1627 935 1691 Britouum
956 1646 1050 1708 rege,
1065 1627 1307 1692 innumerabili

356 1728 512 1790 exercitu
535 1726 679 1791 collecto
697 1725 732 1790 N
734 1726 1053 1790 ortbanhumbriam
1069 1726 1204 1809 petivit.
1256 1725 1307 1793 At

356 1819 513 1889 'Oswius
537 1845 600 1889 rex
628 1826 836 1890 necessitato
863 1826 1061 1909 compulsus
1095 1827 1252 1909 promisit
1273 1828 1308 1891 ei

357 1924 501 1989 donaria
526 1924 637 1988 multa
666 1932 703 1989 et
731 1932 934 1989 ornamenta
961 1926 1094 2008 regalia
1120 1933 1171 2003 ut,
1204 1926 1308 1991 rebus

356 2025 488 2088 bellicis
505 2023 757 2108 praetermissis,
773 2025 999 2089 amicabiliter
1014 2025 1058 2088 ad
1075 2026 1216 2109 propria
1231 2026 1310 2090 red-

355 2124 442 2204 iret;
474 2143 621 2208 cumque
650 2124 709 2189 ille
735 2144 798 2188 uec
825 2125 939 2209 pretio
965 2144 1029 2190 uec
1061 2126 1219 2207 precibus
1246 2126 1307 2189 ad-

357 2224 533 2307 quiescere
558 2225 674 2302 vellet,
697 2244 760 2288 rex
783 2225 826 2288 ad
852 2223 1007 2289 divinum
1029 2224 1184 2306 confugit
1205 2226 1308 2289 auxi·

356 2323 454 2402 lium,
468 2343 538 2407 quo
553 2325 598 2388 ab
619 2324 797 2407 impietate
812 2324 995 2388 barbarica
1014 2330 1134 2407 posset
1156 2323 1307 2401 liberari,

229 2448 247 2474 w
357 2431 507 2505 votoque
534 2442 611 2487 seso
633 2423 805 2505 obligans,
836 2425 898 2501 ait,
922 2421 982 2486 ‘Si
1008 2442 1166 2506 paganus
1197 2424 1309 2489 nescit

357 2529 478 2585 nostra
494 2522 649 2605 accipere
666 2522 822 2599 donaria,
845 2521 1030 2586 offeramus
1051 2523 1096 2600 ei,
1113 2523 1173 2604 qui
1196 2525 1307 2602 novit,

358 2621 509 2684 Domino
526 2621 602 2684 Deo
620 2622 764 2685 nostro'
802 2621 913 2687 Vovit
927 2642 1023 2704 crgo,
1040 2622 1135 2705 quia,
1151 2623 1183 2686 si
1197 2625 1310 2688 victor

357 2721 536 2797 existeret,
564 2720 670 2784 liliam
693 2739 792 2785 suam
817 2722 968 2786 Domino
992 2740 1094 2785 sacra
1106 2723 1308 2804 virginitate

357 2818 489 2882 dicaret
509 2819 611 2882 simul
626 2828 662 2883 et
678 2820 859 2884 duodecim
881 2822 1077 2885 mansiones
1100 2821 1307 2904 praediorum

358 2918 402 2982 ad
433 2920 667 2983 construenda
697 2921 920 2997 monasteria,
958 2927 994 2985 et
1027 2921 1078 2984 sic
1109 2940 1219 3004 parvo
1246 2923 1309 2988 sti-

357 3025 461 3102 patus
479 3020 616 3101 agmine
634 3039 671 3084 se
693 3020 874 3084 certamini
895 3019 1010 3100 dedit;
1034 3020 1182 3104 denique
1198 3022 1308 3087 iortm

357 3138 533 3202 paganum
566 3118 678 3183 trities
711 3120 878 3203 maj0rem
910 3119 1100 3183 exercitum
1133 3120 1308 3199 habuisse,

357 3238 450 3296 nam,
460 3219 604 3283 ducibus
615 3218 758 3300 triginta
769 3218 812 3282 ad
830 3218 957 3284 bellurn
967 3219 1150 3300 diligenter
1158 3221 1308 3286 instruc·

357 3317 415 3394 tis,
435 3318 575 3382 Oswius
592 3318 688 3382 solus
712 3337 790 3382 cum
812 3317 883 3382 tilio
899 3317 1035 3383 Alfrido
1053 3318 1193 3384 Christo
1220 3322 1307 3386 duce

357 3437 553 3495 occurram,
577 3418 656 3482 illos
679 3417 816 3500 fugavit
838 3419 929 3481 etin
955 3419 1131 3502 sequendo
1150 3422 1307 3503 peremit.

357 3515 492 3581 Cecidit
510 3517 600 3594 inter
613 3525 759 3582 caeteros
773 3517 894 3581 Penda
910 3537 971 3581 rex
987 3518 1230 3601 nequissimus,
1247 3523 1308 3604 qui

354 3706 493 3766 appointed
511 3706 557 3755 her
571 3706 698 3768 daughter
709 3708 822 3756 Mildred
846 3713 1001 3758 mencement
1017 3709 1047 3758 oi
1065 3710 1107 3759 the
1125 3712 1243 3778 building
1257 3715 1309 3765 this

354 3774 520 3824 tirstabbess.
538 3775 603 3825 Dec.
616 3776 821 3839 Scriptt.ao,ao.
845 3785 987 3840 momstery
1010 3779 1036 3828 in
1057 3780 1108 3829 this
1130 3797 1200 3843 year.
1243 3785 1308 3836 Itis

353 3842 416 3890 This
439 3844 521 3905 abbey
542 3860 596 3894 was
614 3845 712 3894 bumed
728 3848 763 3908 by
779 3847 821 3896 the
846 3850 902 3899 said
920 3854 946 3898 to
963 3848 1028 3899 have
1043 3850 1105 3899 been
1121 3851 1256 3916 destroyed
1273 3857 1307 3918 by

354 3910 442 3961 Danas
466 3915 493 3962 iu
515 3919 572 3964 988.
617 3916 728 3977 Hasted,
750 3917 820 3968 iliat.
845 3920 887 3968 the
909 3919 1008 3981 Dones,
1034 3924 1091 3970 870.
1140 3915 1248 3988 Leland,
1274 3942 1307 3976 ex

353 3983 432 4046 Kent,
443 3984 478 4035 iv.
491 3999 517 4046 p.
529 3989 586 4034 29⁵.
846 3989 963 4040 Chronio.
984 3990 1046 4039 Fan.
1065 3990 1141 4041 Neot.
1160 3993 1266 4046 collect.
1277 3997 1305 4047 ii.

843 4072 869 4119 p.
882 4062 939 4108 214.
973 4059 1021 4108 See
1032 4061 1059 4108 S.
1072 4060 1207 4124 Botulph’s
1218 4065 1262 4116 lile
1279 4068 1305 4116 in

388 4120 396 4153 ¹
406 4124 435 4172 H
437 4124 568 4187 accolae]
581 4123 691 4172 Icunboe
698 4139 727 4173 or
735 4125 819 4174 Ycan·
844 4128 987 4190 Capgrave,
997 4129 1040 4178 fol.
1051 4129 1107 4180 xlii.

352 4195 431 4253 no,iu
445 4194 628 4245 Linoolnshire.
662 4193 716 4243 The
734 4196 818 4244 Saron
879 4196 1001 4247 'Oswias
1018 4214 1064 4247 rex
1083 4202 1225 4253 secession
1242 4220 1306 4254 con·

353 4262 447 4314 Chron.
464 4266 519 4314 also
536 4265 631 4327 speaks
648 4263 677 4312 ol
691 4265 733 4314 the
750 4281 818 4314 com·
841 4269 948 4331 patrm]
964 4269 1013 4318 Sec
1024 4269 1107 4334 Beda,
1117 4268 1130 4336 ξ
1141 4274 1198 4323 8²1.
