3000 5004
194 634 255 671 laude
264 637 286 671 et

193 683 313 730 serruwlch,

356 440 400 503 74
608 456 742 505 uocum
768 455 815 502 nu
839 453 1048 503 wasoovnn

357 613 498 678 natione
515 614 732 677 Britanniam
748 614 901 691 veniens,
915 613 951 676 in
967 612 1102 696 Rutupi
1117 623 1232 696 portu,
1248 615 1307 696 qui

356 713 458 778 modo
490 714 710 777 sandwicum
742 713 879 788 dicitur,
906 714 1082 796 applicare
1113 714 1306 795 disposuit;

356 814 411 877 cui
437 813 626 896 applicanti
656 812 844 876 Modredus
866 814 1020 876 maxima
1046 814 1197 894 stipatus
1218 813 1308 875 mul·

355 913 505 976 titudine
529 913 688 988 obvians,
716 919 870 993 stragem
900 932 968 976 non
995 912 1171 975 minimam
1196 913 1308 995 appli-

356 1013 516 1075 cantibus
531 1010 645 1089 dedit;
671 1005 891 1075 ¹corrueruut
911 1013 1002 1074 enim
1026 1013 1063 1074 in
1084 1011 1147 1074 illa
1163 1012 1219 1074 die
1232 1010 1304 1074 An-

355 1112 497 1193 guselus
512 1131 575 1175 rex
591 1109 764 1188 Albaniae,
779 1119 815 1174 et
831 1110 1064 1192 Walguanius
1083 1130 1190 1193 nepos
1212 1111 1305 1193 regis

355 1231 432 1275 cnm
450 1211 756 1274 innumerabilibus
778 1211 869 1274 aliis.
922 1209 989 1274 Sed
1008 1210 1145 1274 tandem
1161 1229 1239 1274 cum
1257 1210 1307 1273 la-

355 1312 437 1375 bore
448 1313 601 1375 maximo
613 1309 786 1374 Artburus
801 1329 879 1373 cum
893 1311 965 1372 suis
977 1309 1165 1393 applicuit;
1182 1309 1306 1373 deinde

354 1410 472 1476 hostes
495 1412 621 1475 acriter
637 1409 816 1486 invadens,
836 1408 1041 1472 Modredum
1056 1417 1092 1472 et
1107 1409 1182 1492 ejus
1206 1428 1306 1472 exer-

353 1512 473 1588 citum,
497 1530 567 1574 non
584 1510 804 1573 mediocriter
824 1509 1026 1585 laceratum,
1050 1507 1087 1571 in
1106 1506 1225 1590 fugam
1247 1527 1305 1572 co·

354 1611 443 1691 egit3
461 1611 521 1690 qui
536 1611 621 1683 suis,
634 1616 673 1672 ut
688 1610 814 1690 potuit,
829 1608 1009 1672 resociatis
1027 1616 1128 1671 nocte
1144 1607 1303 1690 sequenti

355 1709 570 1772 Wintoniam
595 1709 772 1789 ingressus
793 1715 858 1772 est.
911 1706 1068 1790 Cumque
1090 1708 1160 1771 ista
1184 1706 1304 1771 Gneu-

354 1807 506 1871 bumarae
523 1808 654 1888 reginae
677 1809 836 1871 nuntiata
853 1805 1014 1885 fuissent,
1032 1806 1075 1871 ad
1098 1807 1218 1870 urbem
1236 1805 1302 1870 Le-

353 1909 495 1988 gionum
511 1914 714 1971 constanter
737 1906 886 1988 aufugit,
904 1916 1010 1988 atque
1035 1907 1071 1970 in
1094 1907 1304 1970 monasterio

355 2006 377 2069 J
381 2007 444 2069 ulii
469 2005 631 2090 martyris
656 2007 748 2070 inter
761 2006 928 2070 moniales
951 2005 1105 2070 babitum
1127 2005 1304 2087 religionis

352 2107 515 2188 suscepit.
569 2104 743 2170 Artbnrus
761 2125 843 2169 vero
865 2105 1071 2169 furibundus
1088 2104 1304 2169 Wintoniam

351 2223 554 2288 properam,
574 2205 779 2269 Modredum
802 2203 893 2267 infra
915 2204 1058 2267 eandem
1077 2203 1152 2287 jem
1168 2204 1304 2268 obsedit

351 2306 566 2387 ingressum3
597 2325 699 2368 mane
727 2311 843 2368 autem
871 2304 976 2380 facto,
1008 2304 1204 2385 agminibus
1233 2303 1303 2367 dis·

280 2400 284 2411 '
351 2407 487 2488 positis,
528 2405 717 2468 Modredus
764 2402 940 2467 civitatem
966 2422 1148 2484 ¹egressus
1187 2422 1302 2484 regem

353 2506 480 2569 acriter
495 2505 635 2568 invasit.
689 2503 799 2567 Facta
816 2512 869 2566 est
883 2510 998 2566 autem
1019 2522 1065 2566 ex
1081 2503 1301 2567 obstantibus

352 2604 465 2666 caedes
489 2623 559 2666 non
580 2603 735 2680 minima,
749 2602 811 2666 sed
832 2602 1022 2667 Modredus
1042 2603 1181 2666 tandem
1207 2622 1301 2666 cam·

353 2722 435 2783 pum
462 2702 622 2765 deserens
653 2722 774 2766 versus
805 2701 1015 2765 Cornubiam
1045 2703 1112 2765 iter
1142 2703 1300 2783 arripuit.

354 2801 529 2864 Arthurus
555 2803 674 2884 itaque
698 2801 795 2864 illum
816 2800 1006 2878 insecutus,
1027 2820 1132 2883 super
1156 2793 1301 2864 'flumen

355 2899 523 2963 Camblan
557 2900 763 2965 Modredum
799 2900 955 2978 invenit3
992 2900 1125 2976 atille,
1156 2908 1195 2964 ut
1226 2909 1301 2963 erat

354 2999 528 3064 hominum
551 3001 814 3076 audacissimus,
831 3001 981 3064 catervis
995 2998 1171 3082 dispositis
1193 3000 1230 3062 in
1251 3020 1302 3063 re

353 3120 431 3181 gem
447 3108 482 3163 et
497 3100 573 3182 ejus
596 3101 788 3164 exercitum
811 3099 977 3162 audacter
1001 3097 1113 3176 irruit,
1130 3099 1217 3162 mori
1240 3118 1303 3181 po·

351 3190 423 3262 tius
441 3200 606 3264 affectans
623 3218 726 3281 quam
753 3199 902 3279 amplius
927 3198 1085 3262 hostibus
1104 3206 1204 3280 terga
1221 3198 1304 3262 dare

352 3298 533 3381 fugitivus
586 3299 759 3381 Denique,
787 3298 856 3361 illis
879 3298 958 3360 binc
980 3297 1129 3380 indeque
1158 3317 1301 3361 concur·

387 3538 395 3570 ¹
410 3541 559 3589 corruerunt
571 3540 634 3588 euim
647 3541 674 3587 in
691 3539 734 3587 illu
752 3537 813 3600 die]
839 3538 868 3586 ol
876 3538 1006 3600 Angussel
1016 3553 1081 3599 was,
1091 3540 1112 3587 it
1128 3539 1151 3588 is
1167 3539 1234 3601 said,
1250 3556 1305 3590 car·

351 3609 405 3658 'l'he
424 3624 498 3658 scene
516 3609 611 3657 cithia
632 3609 716 3657 action
738 3609 761 3656 is
780 3608 815 3668 by
839 3609 893 3656 ried
922 3610 975 3657 into
1002 3609 1131 3670 Scotland,
1158 3610 1209 3657 and
1233 3610 1303 3661 there

352 3679 449 3727 Leland
466 3678 519 3726 laid
537 3684 564 3725 at
576 3678 671 3735 Dover,
681 3676 766 3725 where
783 3676 814 3724 he
839 3678 938 3728 buried.

352 3747 407 3797 also
424 3747 560 3795 concludes
576 3746 631 3794 that
641 3746 769 3807 Walwyn,
787 3761 815 3794 or

352 3817 488 3878 Gawaiue,
498 3816 617 3865 Artbur's
632 3815 750 3877 nepbew,
760 3830 815 3864 was
875 3812 886 3843 ‘
907 3815 1010 3865 Flumen
1035 3815 1178 3881 Canubium]
1206 3816 1304 3867 Leland

352 3886 452 3935 buried.
500 3886 613 3933 William
647 3885 816 3946 Malmsbury,
839 3885 913 3934 takes
931 3890 1003 3946 grem
1020 3886 1094 3946 pains
1110 3891 1136 3935 to
1155 3902 1232 3948 prove
1251 3887 1303 3937 this

351 3956 478 4016 however,
497 3961 591 4005 asserta
602 3955 656 4003 that
668 3954 815 4004 Gawaine's
839 3956 906 4004 river
924 3959 950 4003 to
969 3955 1034 4004 bave
1053 3957 1117 4004 been
1128 3955 1170 4005 the
1181 3957 1259 4017 Alan,
1275 3972 1304 4006 or

352 4027 420 4074 tomb
430 4040 485 4074 was
503 4025 651 4074 discovered
669 4026 694 4073 in
709 4028 771 4074 1087
788 4025 814 4072 in
841 4024 1004 4086 (lamb-ulan,
1015 4040 1044 4073 or
1055 4026 1151 4088 Camel,
1162 4041 1224 4075 near
1234 4027 1305 4076 Pad-

353 4097 427 4157 lloss,
446 4110 514 4157 upon
533 4096 575 4143 tbe
594 4100 731 4156 sea-coast,
748 4094 815 4143 four·
839 4100 913 4155 stom,
932 4096 957 4142 in
971 4094 1107 4144 Cornwall.
1142 4097 1303 4146 Assertnr·

352 4172 406 4215 tcen
419 4165 470 4214 leet
481 4167 505 4213 in
517 4165 612 4223 length.
649 4167 696 4213 See
710 4165 814 4225 boland,
840 4171 889 4214 tur.
908 4180 932 4224 p.
953 4169 992 4214 st.
1038 4167 1084 4214 See
1104 4165 1158 4215 ulso
1177 4166 1301 4230 Camden,

352 4238 449 4285 Assert.
462 4236 548 4284 Artur.
561 4251 586 4296 p.
600 4239 639 4284 37.
674 4235 727 4284 The
746 4235 812 4295 body
840 4236 857 4282 i.
871 4250 896 4295 p.
911 4238 966 4284 lot.
