3000 5004
191 3701 245 3740 Ab.
255 3702 300 3740 604.

189 3751 314 3790 Ordinatlou

191 3801 305 3842 orlustur·

337 476 403 541 104
589 486 724 536 noannr
747 487 794 533 nn
817 481 1025 532 wnsnovnn

340 657 463 714 contra
477 647 666 712 Britannos
680 644 936 720 commissurus,
947 661 1026 707 enm
1035 639 1169 704 videret
1177 656 1291 702 sacer-

342 750 441 813 dotes
456 767 587 824 eornm,
602 747 662 828 qui
676 744 719 808 ad
737 742 951 807 exorandum
970 742 1085 807 Deum
1102 759 1166 822 pro
1184 737 1292 806 milite

341 848 468 910 bellum
494 853 618 928 agente
646 850 891 919 convenerant,
916 861 1072 906 seorsum
1099 842 1136 904 in
1164 841 1293 905 tutiore

342 946 419 1010 loco
442 946 643 1019 consistere,
665 943 909 1006 sciscitabatur
934 941 993 1025 qui
1022 948 1139 1006 essent
1164 940 1292 1023 quidve

343 1045 454 1109 acturi
483 1044 544 1108 illo
577 1042 829 1107 convenissent.
887 1040 998 1105 Erant
1031 1041 1123 1105 enim
1155 1039 1294 1123 plurimi

344 1164 462 1208 eorum
482 1145 524 1207 de
546 1142 755 1206 monasterio
774 1141 928 1222 Bangor,
945 1140 981 1203 in
1003 1160 1072 1222 quo
1090 1147 1209 1204 tantus
1223 1140 1294 1204 fer·

345 1250 403 1308 tur
417 1245 524 1307 fnisse
537 1241 781 1306 monachorum
797 1259 972 1317 numerus,
990 1247 1040 1318 ut,
1055 1259 1133 1304 cnm
1148 1240 1192 1302 ¹in
1214 1259 1294 1322 sep·

344 1351 415 1407 tem
439 1350 554 1407 essent
573 1343 750 1424 portiones
771 1359 848 1402 cum
867 1340 941 1404 suis
965 1340 1156 1403 rectoribus
1179 1339 1295 1416 divisi,

346 1443 441 1506 nulla
458 1443 570 1505 minus
586 1460 690 1523 qnam
712 1445 887 1504 trecentos
906 1439 1087 1521 religiosos
1107 1439 1295 1504 monachos

346 1543 558 1607 continebat.
595 1539 733 1604 Horum
750 1545 865 1603 autem
880 1539 1031 1622 plurimi,
1041 1538 1203 1603 triduano
1217 1559 1296 1621 per-

347 1649 427 1705 acto
438 1641 585 1724 jejunio,
599 1659 677 1703 cum
692 1639 770 1702 aliis
787 1639 908 1704 orandi
923 1639 1038 1721 gratia
1050 1646 1297 1716 convenerant,

348 1740 512 1804 habentes
526 1739 738 1803 defensorem
758 1733 1057 1816 ¹Broohimailum,
1070 1739 1130 1822 qni
1142 1757 1202 1802 eos
1217 1758 1296 1822 pre-

348 1840 444 1903 cibus
469 1840 622 1903 intentos
645 1858 667 1902 a
691 1838 815 1920 gladiis
839 1845 1037 1921 protegeret
1059 1838 1296 1902 barbarorum.

349 1938 506 2017 Quorum
525 1939 695 2002 adventus
716 1956 856 2002 causam
875 1957 952 2001 cum
965 1937 1196 2002 intellexisset
1209 1937 1297 2002 Eth-

349 2038 490 2103 elfridus
518 2045 700 2122 tyrannus,
717 2038 779 2116 ait,
801 2036 869 2102 ‘Et
893 2038 924 2100 si
946 2038 1005 2102 isti
1028 2037 1210 2102 adversum
1232 2058 1298 2103 nos

350 2139 462 2202 Deum
494 2158 594 2201 suum
619 2137 796 2214 invocant,
820 2137 988 2220 profecto,
1011 2138 1171 2219 quamvis
1200 2157 1297 2201 arma

350 2258 419 2301 non
448 2237 574 2314 ferant,
601 2244 724 2302 eontra
754 2256 820 2300 nos
848 2245 1018 2320 pugnant,
1051 2238 1111 2320 qui
1143 2238 1298 2302 adversis

349 2336 654 2420 imprecationibus
679 2337 751 2400 suis
780 2345 1033 2420 persequuntur
1046 2330 1065 2414 ;'
1099 2337 1150 2400 ita
1174 2337 1211 2400 in
1233 2336 1297 2401 hos

349 2437 497 2519 primurn
523 2455 621 2499 arma
645 2444 779 2501 vertere
800 2436 913 2519 jubet,
936 2443 971 2500 et
994 2436 1043 2500 sic
1071 2444 1215 2501 caeteras
1236 2457 1299 2501 ne·

350 2536 463 2599 fandae
477 2535 609 2598 militiae
626 2536 756 2616 copias,
771 2554 841 2599 non
854 2536 928 2598 sine
944 2534 1117 2600 exercitas
1134 2537 1188 2601 sui
1204 2537 1300 2600 dam-

351 2655 407 2711 no,
424 2633 564 2698 delevit.
616 2633 800 2698 Extinctos
822 2642 940 2698 autem
965 2635 1001 2697 in
1028 2634 1088 2698 illa
1115 2656 1233 2719 pugna
1250 2636 1300 2700 se·

350 2741 443 2810 runt,
463 2752 508 2795 ex
526 2734 580 2796 his
595 2734 655 2815 qni
676 2734 720 2797 ad
744 2734 912 2797 orandum
928 2741 1108 2812 venerunt,
1124 2736 1217 2800 viros
1234 2736 1301 2799 cir·

351 2834 438 2897 citer
454 2833 547 2897 mille
568 2834 746 2911 ducentos,
769 2841 804 2897 et
817 2834 1032 2898 solummodo
1048 2835 1303 2920 quinquaginta

352 2934 436 3015 suga
451 2934 599 3016 elapsos
652 2934 906 2998 Brochimailus
921 2953 1059 3016 quoque
1084 2934 1128 2998 ad
1154 2936 1301 3017 primum

352 3033 501 3097 hostium
526 3035 714 3098 adventum
737 3053 814 3096 cum
842 3033 914 3097 suis
940 3041 1039 3114 terga
1053 3040 1204 3112 vertens,
1229 3054 1301 3112 eos,

353 3153 440 3214 quos
458 3132 640 3196 defendere
662 3134 839 3210 debuerat,
858 3134 1006 3197 inermes
1029 3152 1070 3196 ac
1092 3133 1202 3197 nudos
1225 3135 1302 3216 gla-

354 3232 419 3296 diis
444 3233 645 3296 sarientibus
671 3232 820 3314 reliquit.
872 3231 997 3315 Sicque
1017 3234 1225 3316 completum
1248 3242 1302 3300 est

352 3332 561 3414 praesagium
578 3332 671 3398 beati
689 3330 863 3414 pontificis
876 3325 1096 3414 ‘Augustini

412 3480 454 3544 Ut
469 3490 591 3545 soboas
601 3481 796 3566 Aspastiaos
809 3481 969 3546 ordinavit
982 3483 1108 3546 Jastwm
1117 3483 1259 3568 priam

647 3582 813 3662 Boffcoscm
828 3582 1008 3667 masmana.

404 3702 508 3766 Anno
520 3705 643 3785 gratiae
656 3721 749 3766 ncrv.
761 3699 901 3769 ³beatus
910 3705 1143 3789 Augustinus,
1152 3708 1305 3773 donante

389 3842 397 3873 ¹
411 3845 623 3910 Brochimaibrm‚]
638 3860 667 3894 or
679 3847 820 3910 Brocmael‚
844 3850 963 3898 sentirent
974 3850 1147 3912 pertidi,quod
1158 3852 1245 3900 oblata
1255 3851 1304 3901 sibi

354 3933 384 3966 or
395 3916 521 3964 Brocwell
533 3928 541 3976 3
559 3916 614 3964 said
631 3917 665 3977 by
676 3916 718 3966 the
730 3917 817 3967 Welsh
843 3925 973 3981 perpetues
985 3920 1075 3970 solutu
1086 3921 1192 3970 consilia
1203 3936 1304 3982 sprere·

354 3985 505 4036 authorities
522 3984 627 4035 tohave
646 3988 709 4035 been
729 4002 776 4037 one
792 3989 821 4036 of
843 3989 917 4039 rant!

353 4056 395 4105 the
415 4056 587 4105 commandere
611 4056 639 4104 ol
658 4057 700 4106 the
720 4058 816 4108 British
877 4058 888 4089 ³
911 4060 1005 4108 Beatus
1032 4059 1218 4124 Augustiana]
1250 4061 1305 4110 ‘l'he

353 4142 434 4188 army.
472 4127 535 4176 Bed.
548 4127 687 4189 §blacta
841 4129 988 4178 foundation
1011 4129 1041 4178 oi
1057 4130 1108 4178 this
1125 4129 1230 4190 choreb,
1254 4132 1304 4180 and

388 4194 571 4260 'Augustini.]
587 4197 641 4246 The
655 4199 783 4261 prophecy
795 4199 817 4246 is
842 4199 874 4246 its
891 4200 1057 4260 endowmant,
1068 4215 1111 4249 are
1130 4201 1162 4261 by
1177 4200 1248 4249 Beda
1263 4207 1306 4250 ut·

354 4268 413 4316 thus
440 4267 575 4316 continued
605 4269 638 4329 by
663 4269 743 4330 Beda,
770 4270 817 4317 ‘ut
842 4270 951 4327 tributed
971 4270 1078 4331 directly
1093 4269 1304 4323 tohethelberhr.

352 4339 427 4386 eham
439 4338 585 4398 temporalis
597 4339 816 4388 interitusultione
842 4339 907 4400 §tta
