2932 4980
334 450 379 512 90
588 468 721 515 nocant
747 469 794 514 nn
818 468 1027 519 wsuuovn

335 618 501 682 ferebant.
538 619 638 682 Tunc
654 619 929 703 archipraesules,
946 616 1144 693 'Theonus
1162 630 1311 699 nonno

335 717 463 779 niensis
486 726 522 781 et
547 717 767 782 Tbadioceus
790 719 1036 800 Eboracensis,
1062 745 1153 791 cum
1181 750 1309 795 omnes

336 816 499 879 ecclesias
523 818 589 879 sibi
613 817 772 881 subditas
794 818 870 883 solo
894 828 998 885 tenus
1013 822 1232 893 destructas
1255 832 1307 893 ri·

335 914 479 991 dissent,
494 916 743 997 cumpluribus
757 916 937 993 ordinatis,
952 920 1014 1001 qui
1037 922 1076 986 in
1105 930 1220 991 tanto
1233 928 1305 992 dis·

335 1011 477 1076 crimine
491 1014 744 1096 superfuerant,
761 1034 839 1079 curn
853 1016 1010 1099 reliquiis
1024 1032 1246 1089 sanctorum
1267 1028 1303 1091 in

335 1110 531 1175 Cambriam
555 1113 776 1194 diffugerunt,
800 1114 963 1179 umentes
987 1137 1034 1181 ne
1059 1120 1301 1189 barbarorum

335 1210 524 1290 irruptione
547 1220 598 1276 tot
621 1222 656 1275 et
673 1220 847 1277 tantorum
861 1232 963 1279 sacra
985 1235 1070 1281 ossa
1083 1230 1257 1287 veterum
1277 1243 1300 1289 a

334 1311 507 1373 memoriis
523 1311 697 1373 hominum
713 1311 921 1388 delerentur,
935 1314 967 1377 si
989 1314 1070 1396 ipsa
1090 1316 1296 1385 imminenti

333 1408 486 1490 periculo
519 1411 657 1472 minime
686 1410 954 1475 subtraxissent.
1005 1412 1140 1479 Plures
1172 1420 1295 1497 etiam,

334 1504 594 1571 Armoricanam
626 1508 842 1571 Britanniam
874 1517 1046 1590 petentes,
1088 1521 1211 1580 totam
1238 1538 1295 1583 ec-

333 1604 474 1668 clesiam
491 1607 636 1670 duarum
653 1607 922 1688 provinciaram,
932 1601 1117 1691 'Ioegrioe
1128 1614 1295 1681 videlicet

333 1712 370 1767 et
387 1700 725 1782 Northanbumbriae,
737 1706 995 1769 aconventibus
1007 1710 1088 1773 suis
1104 1712 1291 1779 viduatam

333 1803 496 1866 deserunt
521 1814 557 1868 et
578 1805 737 1883 inanem;
760 1803 967 1886 quibusdam
983 1825 1069 1871 vero
1082 1819 1291 1877 sanctornm

332 1903 545 1983 corporibus,
560 1922 638 1986 quae
654 1904 689 1965 in
703 1903 890 1985 sepulturis
902 1904 1072 1986 jacebant
1085 1922 1292 1977 reverenter

332 2000 518 2078 occultata,
540 2002 695 2065 cumulos
717 2010 818 2065 terrm
842 2014 1157 2085 superposuerunt,
1176 2028 1225 2073 ue
1246 2012 1290 2075 ab

332 2099 526 2163 infidelibus
553 2101 730 2183 despectui
760 2101 980 2165 haberentur.
1044 2102 1163 2169 Errant
1196 2110 1289 2173 enim

332 2195 526 2278 Anglorum
549 2201 624 2263 sive
651 2200 830 2264 Saxonum
855 2218 955 2281 reges
981 2202 1089 2265 armis
1114 2208 1289 2271 strenuis-

332 2297 422 2373 simi,
447 2298 574 2379 pagani
600 2299 816 2374 atrocissimi,
839 2298 899 2380 qui
923 2298 1010 2362 nibil
1034 2302 1288 2387 potiusquam

333 2394 509 2459 Christum
524 2406 559 2460 et
574 2396 847 2461 Christianorum
862 2396 992 2460 cultum
1009 2399 1221 2467 subvertere
1242 2405 1289 2467 si·

334 2493 486 2572 tiebant3
520 2496 653 2559 namsi
681 2514 751 2578 qua
780 2494 939 2570 ecclesia,
958 2504 1052 2559 terra
1079 2498 1288 2583 subjugata,

334 2591 444 2654 illaesa
458 2596 673 2671 servabatur,
688 2593 754 2657 hoc
769 2594 881 2674 magis
901 2594 945 2657 ad
960 2594 1204 2661 confusionem
1228 2620 1288 2665 no·

267 2715 272 2723 ·
334 2690 435 2752 minis
450 2690 579 2755 Christi
598 2711 702 2774 quum
716 2691 758 2755 ad
776 2691 923 2773 gloriam
937 2692 1134 2775 faciebant3
1159 2716 1287 2782 nempe

335 2806 380 2850 ex
396 2789 445 2851 eis
461 2789 602 2854 deornm
624 2810 763 2854 suorum
781 2791 911 2872 templa
927 2790 1105 2867 iacientes,
1126 2796 1288 2877 profanis

334 2886 408 2949 suis
439 2889 617 2953 sacrificiis
652 2897 775 2953 sancta
809 2889 877 2953 Dei
910 2888 1035 2953 altaria
1069 2890 1287 2973 polluerunt

336 2985 460 3069 ltaque
478 2988 638 3052 Britanni
652 2990 750 3069 regui
764 2988 922 3051 diadema
935 2988 1053 3051 multis
1067 2992 1288 3073 temporibus

334 3087 543 3162 amittentes,
562 3086 720 3151 videlicet
737 3105 846 3168 usque
867 3086 911 3149 ad
932 3095 1089 3168 tempora
1105 3080 1287 3157 ’Credul-

334 3185 434 3260 lonis,
451 3205 552 3267 quem
570 3184 669 3248 Beda
684 3184 894 3249 cedwallam
909 3191 1025 3260 vocat,
1039 3184 1137 3249 illam
1159 3191 1286 3270 patriae

332 3291 478 3365 partem,
507 3304 585 3365 quae
609 3285 659 3346 eis
686 3291 908 3360 remanserat,
931 3302 999 3345 uon
1024 3284 1085 3345 uni
1114 3288 1193 3368 regi
1225 3289 1285 3353 sed

333 3382 441 3444 tribus
456 3384 613 3464 tyrannis
635 3383 840 3465 subjectam,
855 3382 1014 3444 civilibus
1035 3381 1138 3447 bellis
1161 3388 1286 3470 saepis·
1370 3376 1372 3425 3

371 3591 498 3639 'Thronus
516 3625 562 3639 ...
580 3595 604 3639 et
625 3590 793 3652 Tbudioch
817 3588 867 3637 ded
879 3590 1288 3657 originally,saysCmden,iuta

333 3660 452 3721 Geoll'rey
460 3659 574 3708 includes
585 3660 639 3709 also
650 3660 692 3708 the
703 3659 793 3719 bisbop
819 3659 935 3720 Loegria,
962 3659 1090 3720 Cambrim
1110 3659 1240 3725 Albania,
1261 3680 1289 3715 ot

332 3730 361 3777 ol
369 3729 483 3788 Cbester,
493 3729 587 3790 calling
598 3729 666 3778 them
677 3732 684 3756 ‘
694 3734 745 3777 tres
755 3743 795 3776 ar-
819 3728 946 3789 England,
962 3728 1059 3788 Wules,
1077 3728 1129 3777 mu
1154 3730 1288 3784 Sentlud.

333 3797 515 3859 chipraesulesss
555 3798 609 3847 The
631 3804 682 3846 two
703 3798 795 3846 former
819 3796 888 3845 llere
908 3796 1140 3846 Noruumbertmu
1158 3800 1184 3849 is
1196 3803 1290 3865 joined

333 3882 376 3916 are
398 3867 479 3917 called
506 3868 540 3927 by
563 3868 623 3918 Nic.
652 3867 794 3928 Cantalupe
817 3865 880 3913 with
903 3866 1012 3927 Loegria
1033 3870 1060 3915 to
1081 3866 1160 3917 make
1184 3884 1223 3934 up
1246 3873 1290 3924 the

333 3936 502 3985 ‘Theonotus
549 3937 599 3984 and
644 3937 795 3985 Tadeocus!
818 3935 879 3982 first.

335 4006 440 4065 Ussher,
456 4022 482 4067 p.
495 4009 553 4054 297.
588 4007 636 4053 See
651 4006 705 4053 also
716 4005 795 4064 Foxe,
853 4001 1060 4066 ’Cudoedloaia]
1079 4004 1146 4055 Bed.
1167 4007 1244 4061 nist,
1262 4012 1292 4062 ii,

333 4077 396 4124 Acts
407 4076 455 4123 and
467 4076 684 4136 Monuments,ed.
695 4078 767 4134 15⁷8,
776 4074 794 4122 i.
818 4076 858 4121 20.
895 4073 946 4121 llis
965 4072 1040 4120 death
1058 4073 1081 4121 is
1102 4078 1231 4129 recorded
1249 4082 1293 4131 be.

333 4161 358 4206 p.
373 4148 427 4192 ll-l.
818 4142 878 4202 low,
889 4142 970 4190 under
986 4141 1028 4190 the
1039 4156 1102 4202 year
1112 4147 1176 4209 bid,
1191 4148 1261 4200 nster
1276 4166 1293 4201 ι

368 4212 522 4274 ’megrim
545 4213 642 4261 Britain
660 4226 714 4259 was
730 4212 792 4258 divi·
817 4212 887 4273 reign
899 4212 928 4260 oi
936 4210 1082 4273 forts-eight
1092 4226 1181 4273 years,
