3000 5004
348 459 415 525 512
601 471 737 520 uocum
759 472 807 519 nn
829 472 1040 521 warnorum

348 649 453 713 quam
479 630 562 694 anni
583 630 721 695 ducenti
746 638 828 694 sunt
849 631 993 708 evoluti,
1009 648 1055 694 ex
1074 650 1145 714 quo
1165 638 1304 714 septem

348 729 556 794 dormientes
572 730 608 793 in
624 731 791 813 spelunca
805 729 908 794 Coelii
923 731 1051 794 montis
1070 730 1163 814 apud
1183 731 1304 813 pre-

347 847 424 891 sum
446 847 553 910 supra
572 827 732 893 dextrum
755 829 849 893 latus
868 830 1087 911 quieverunt,
1109 829 1170 893 sed
1193 849 1303 907 nune,

347 935 531 1010 postquam
557 927 602 992 ad
625 948 777 992 mensam
803 929 966 1005 sedimus,
988 948 1096 1012 supra
1120 929 1302 993 sinistrum

347 1025 441 1091 latus
458 1028 616 1092 conversi
637 1047 749 1111 usque
769 1027 813 1091 ad
830 1029 1054 1111 septuaginta
1072 1046 1182 1092 annos
1198 1029 1301 1112 jace-

347 1124 456 1190 bunt!
507 1125 597 1191 Haec
618 1134 734 1191 autem
754 1127 933 1191 audientes
949 1130 1008 1210 qui
1033 1126 1229 1204 adsuerunt,
1246 1129 1304 1191 in-

347 1227 585 1307 terrogabant,
607 1225 688 1308 quid
715 1226 789 1289 baec
811 1227 991 1290 conversio
1012 1226 1237 1307 significaret,
1262 1235 1302 1292 et

347 1323 418 1402 ille,
447 1325 548 1388 ‘Ista
572 1325 731 1388 nimirum
753 1325 933 1390 conversio
959 1325 1070 1389 dirum
1093 1326 1302 1390 mortalibus

346 1443 448 1488 omen
469 1424 656 1507 portendit,
678 1444 757 1488 nam
779 1423 872 1488 bella
893 1431 929 1488 et
952 1425 1191 1506 oppressiones
1211 1444 1302 1506 gen·

347 1523 435 1587 tium
455 1543 565 1606 genus
588 1523 777 1587 humanum
797 1523 1060 1587 intolerabiliter
1075 1524 1303 1604 torquebunt,

346 1629 383 1687 et
402 1624 588 1687 multorum
611 1623 819 1687 mutationes
841 1642 1024 1704 regnorum
1047 1629 1161 1699 erunt,
1178 1630 1214 1686 et
1236 1642 1302 1705 pa-

347 1721 430 1801 gani
456 1741 478 1785 a
495 1721 715 1799 Christianis,
732 1721 863 1785 Christi
886 1723 1029 1799 virtute,
1051 1723 1303 1786 conterentur)

349 1818 417 1881 His
430 1827 467 1884 et
482 1820 599 1883 multis
613 1821 692 1883 aliis
712 1819 853 1897 auditis,
874 1839 1035 1903 proceres
1056 1819 1193 1902 praefati
1216 1841 1299 1885 eum

347 1917 575 1984 admiratione
595 1939 618 1983 a
637 1940 719 2001 rege
741 1919 951 1995 recedentes,
967 1920 1102 2001 legatos
1124 1919 1167 1982 ad
1190 1918 1301 2002 hujus

347 2019 398 2082 rei
424 2018 603 2083 veritatem
629 2019 859 2101 indagandam
881 2019 1018 2083 mittere
1044 2018 1327 2098 decreverunt3.

348 2117 527 2183 Haroldus
544 2137 626 2183 vero
640 2118 712 2181 dux
735 2117 830 2181 misit
849 2117 1006 2193 militem,
1021 2117 1202 2200 episcopus
1218 2119 1301 2199 qui-

346 2218 425 2281 dam
441 2219 501 2301 qui
523 2217 635 2281 adfuit
655 2217 829 2292 clericum,
850 2218 957 2281 abbas
973 2236 1057 2281 vero
1078 2216 1299 2294 monachum,

346 2336 424 2380 cum
447 2317 552 2398 regiis
573 2317 771 2380 muneribus
792 2322 827 2378 et
848 2315 958 2379 literis
975 2316 1072 2397 regio
1089 2315 1203 2397 sigillo
1220 2335 1299 2379 mu-

347 2416 430 2481 nitis
452 2409 513 2479 ¹ad
540 2414 758 2492 Michaelem,
778 2413 1202 2498 constantinopolitanum
1232 2415 1297 2478 im·

348 2523 554 2598 peratorem,
569 2514 798 2597 postulantes,
820 2520 859 2576 ut
881 2515 973 2595 regis
987 2513 1182 2594 Anglorum
1204 2513 1297 2577 Ead-

348 2614 455 2676 wardi
473 2613 599 2694 legatis
608 2607 753 2695 ²septem
764 2613 904 2695 juberet
919 2612 1128 2678 dormientes
1140 2613 1296 2692 ostendi;

348 2712 535 2793 imperator
549 2718 663 2776 autem
678 2712 813 2794 legatos
824 2711 976 2793 Angliae,
990 2711 1033 2775 de
1050 2712 1206 2794 partibus
1223 2718 1297 2774 tam

348 2811 488 2873 remotis
504 2810 694 2888 venientes,
716 2811 863 2892 benigne
886 2811 1090 2893 suscipiens,
1110 2809 1298 2892 predictos

349 2917 480 2992 septem
498 2910 707 2975 dormientes
723 2910 773 2973 eis
788 2916 980 2973 monstrare
996 2909 1089 2985 feeit,
1104 2909 1162 2990 qui
1179 2910 1299 2974 omnia

348 3008 391 3072 de
421 3009 550 3073 sanetis
576 3009 825 3073 dormientibus
850 3009 989 3085 indicia,
1011 3027 1090 3091 quse
1117 3026 1180 3070 rex
1202 3007 1299 3071 Ead-

349 3109 486 3172 wardus
501 3109 536 3171 in
550 3109 679 3190 Anglia
693 3106 915 3191 praedixerat,
931 3108 1155 3183 invenientes,
1169 3106 1298 3170 oblatis

348 3209 558 3284 muneribus,
582 3216 618 3272 et
644 3207 721 3272 Deo
746 3206 879 3288 gratias
909 3215 1052 3290 agentes
1083 3205 1127 3269 ad
1154 3207 1300 3288 propria

348 3314 430 3371 sunt
447 3307 584 3371 reversi.

488 3489 537 3555 Do
552 3491 688 3575 eorporis
702 3489 859 3553 munditie
873 3489 953 3573 repis
968 3485 1158 3552 Eodtoordi.

189 3631 334 3684 anonae.
398 3614 479 3679 Hoc
498 3621 613 3678 autem
629 3615 673 3678 de
689 3633 770 3694 rege
787 3612 1004 3677 sanctissimo
1021 3631 1090 3675 non
1107 3617 1160 3674 est
1178 3617 1300 3673 tacen-

347 3712 442 3792 dum,
453 3714 544 3797 quod
558 3733 621 3777 nec
639 3712 813 3796 propriam
825 3712 954 3775 laeserit
968 3709 1156 3793 aliquando
1169 3702 1300 3772 ³earnis

381 3960 388 3992 ¹
402 3961 443 4012 Aa
458 3961 631 4023 Michaeam]
649 3961 809 4020 Mulmsbury
836 3958 885 4007 For
899 3972 932 4007 au
949 3957 1072 4020 ubridped
1089 3961 1195 4006 account
1210 3956 1239 4004 ot
1254 3956 1299 4006 tbe

345 4032 506 4093 erroneously
516 4031 579 4080 calls
596 4030 648 4078 him
666 4029 807 4079 Municbes.
835 4032 904 4087 story
916 4027 945 4076 of
958 4028 1000 4076 tha
1018 4029 1099 4076 Seven
1116 4026 1241 4089 Sleepers,
1253 4041 1298 4075 see

344 4106 398 4154 'l'be
410 4117 523 4166 emperor
536 4100 647 4149 Micbacl
659 4100 706 4148 vl.
718 4100 741 4147 is
751 4113 809 4160 pro·
835 4097 1006 4158 Malmsbury,
1016 4112 1042 4158 p.
1055 4099 1113 4156 878,
1124 4101 1178 4144 note
1188 4093 1208 4144 ³.

345 4175 422 4235 bably
433 4170 562 4222 intended.
868 4163 879 4197 ⁸
890 4166 980 4215 Carnis
989 4166 1155 4229 munditiam]
1172 4165 1298 4225 Compare

379 4242 498 4306 'Septem
513 4239 610 4302 ,iuberet
631 4237 782 4296 dormientes.
795 4236 807 4303 ]
833 4236 876 4285 tbe
887 4235 931 4285 lile
942 4237 977 4297 by
988 4236 1131 4299 capgruva,
1142 4249 1184 4285 cx.
1195 4235 1244 4284 col.
1257 4238 1281 4283 2.
