<?xml version="1.0" encoding="UTF-8"?>
<!DOCTYPE html PUBLIC "-//W3C//DTD XHTML 1.0 Transitional//EN"
    "http://www.w3.org/TR/xhtml1/DTD/xhtml1-transitional.dtd">
<html xmlns="http://www.w3.org/1999/xhtml" xml:lang="en" lang="en">
 <head>
  <title>
</title>
<meta http-equiv="Content-Type" content="text/html;charset=utf-8" />
  <meta name='ocr-system' content='tesseract 3.04.00' />
  <meta name='ocr-capabilities' content='ocr_page ocr_carea ocr_par ocr_line ocrx_word'/>
</head>
<body>
  <div class='ocr_page' id='page_1' title='image "./rogeridewendove05rogegoog_0372.png"; bbox 0 0 3000 5004; ppageno 0'>
   <div class='ocr_carea' id='block_1_1' title="bbox 482 437 1172 502">
    <p class='ocr_par' dir='ltr' id='par_1_1' title="bbox 482 437 1172 502">
     <span class='ocr_line' id='line_1_1' title="bbox 482 437 1172 502; baseline 0.01 -7"><span class='ocrx_word' id='word_1_1' title='bbox 482 448 621 495; x_wconf 82' lang='lat' dir='ltr'><strong>rnonns</strong></span> <span class='ocrx_word' id='word_1_2' title='bbox 645 449 912 498; x_wconf 74' lang='lat' dir='ltr'><strong>nrsronrnnuu.</strong></span> <span class='ocrx_word' id='word_1_3' title='bbox 1105 437 1172 502; x_wconf 79' lang='lat'><strong>327</strong></span> 
     </span>
    </p>
   </div>
   <div class='ocr_carea' id='block_1_2' title="bbox 208 599 1169 2870">
    <p class='ocr_par' dir='ltr' id='par_1_2' title="bbox 208 599 1169 2870">
     <span class='ocr_line' id='line_1_2' title="bbox 216 599 1169 683; baseline 0.008 -17"><span class='ocrx_word' id='word_1_4' title='bbox 216 602 417 667; x_wconf 89' lang='lat' dir='ltr'><strong>monialium</strong></span> <span class='ocrx_word' id='word_1_5' title='bbox 436 603 655 668; x_wconf 82' lang='lat' dir='ltr'><strong>ioeminarum</strong></span> <span class='ocrx_word' id='word_1_6' title='bbox 673 604 764 670; x_wconf 86' lang='lat' dir='ltr'><strong>inter</strong></span> <span class='ocrx_word' id='word_1_7' title='bbox 780 599 865 669; x_wconf 93' lang='lat' dir='ltr'><strong>¹duo</strong></span> <span class='ocrx_word' id='word_1_8' title='bbox 882 605 1037 683; x_wconf 87' lang='lat' dir='ltr'><strong>flumina,</strong></span> <span class='ocrx_word' id='word_1_9' title='bbox 1055 607 1169 674; x_wconf 89' lang='lat' dir='ltr'><strong>Frane</strong></span> 
     </span>
     <span class='ocr_line' id='line_1_3' title="bbox 215 702 1169 785; baseline 0.005 -18"><span class='ocrx_word' id='word_1_10' title='bbox 215 711 250 767; x_wconf 91' lang='lat' dir='ltr'><strong>et</strong></span> <span class='ocrx_word' id='word_1_11' title='bbox 265 702 407 779; x_wconf 86' lang='lat' dir='ltr'><strong>Trente,</strong></span> <span class='ocrx_word' id='word_1_12' title='bbox 421 703 458 766; x_wconf 93' lang='lat' dir='ltr'><strong>in</strong></span> <span class='ocrx_word' id='word_1_13' title='bbox 475 722 567 785; x_wconf 82' lang='lat' dir='ltr'><strong>pago</strong></span> <span class='ocrx_word' id='word_1_14' title='bbox 584 704 788 769; x_wconf 89' lang='lat' dir='ltr'><strong>Dorsetensi</strong></span> <span class='ocrx_word' id='word_1_15' title='bbox 814 706 884 770; x_wconf 88' lang='lat' dir='ltr'><strong>situ</strong></span> <span class='ocrx_word' id='word_1_16' title='bbox 902 707 1075 770; x_wconf 90' lang='lat' dir='ltr'><strong>tutissimo</strong></span> <span class='ocrx_word' id='word_1_17' title='bbox 1096 710 1169 772; x_wconf 94' lang='lat' dir='ltr'><strong>col-</strong></span> 
     </span>
     <span class='ocr_line' id='line_1_4' title="bbox 214 802 1168 889; baseline 0.006 -24"><span class='ocrx_word' id='word_1_18' title='bbox 214 802 379 879; x_wconf 88' lang='lat' dir='ltr'><strong>locatum,</strong></span> <span class='ocrx_word' id='word_1_19' title='bbox 395 803 488 884; x_wconf 94' lang='lat' dir='ltr'><strong>quod</strong></span> <span class='ocrx_word' id='word_1_20' title='bbox 514 824 583 867; x_wconf 93' lang='lat' dir='ltr'><strong>non</strong></span> <span class='ocrx_word' id='word_1_21' title='bbox 606 804 673 867; x_wconf 90' lang='lat' dir='ltr'><strong>nisi</strong></span> <span class='ocrx_word' id='word_1_22' title='bbox 697 806 741 867; x_wconf 93' lang='lat' dir='ltr'><strong>ab</strong></span> <span class='ocrx_word' id='word_1_23' title='bbox 764 806 942 869; x_wconf 89' lang='lat' dir='ltr'><strong>occidente</strong></span> <span class='ocrx_word' id='word_1_24' title='bbox 968 807 1168 889; x_wconf 83' lang='lat' dir='ltr'>contiguam</span> 
     </span>
     <span class='ocr_line' id='line_1_5' title="bbox 213 901 1167 971; baseline 0.005 -6"><span class='ocrx_word' id='word_1_25' title='bbox 213 901 319 966; x_wconf 84' lang='lat' dir='ltr'><strong>habet</strong></span> <span class='ocrx_word' id='word_1_26' title='bbox 336 910 474 965; x_wconf 88' lang='lat' dir='ltr'><strong>terram.</strong></span> <span class='ocrx_word' id='word_1_27' title='bbox 528 902 616 966; x_wconf 89' lang='lat' dir='ltr'><strong>Cum</strong></span> <span class='ocrx_word' id='word_1_28' title='bbox 638 911 754 966; x_wconf 89' lang='lat' dir='ltr'><strong>autem</strong></span> <span class='ocrx_word' id='word_1_29' title='bbox 775 924 837 968; x_wconf 86' lang='lat' dir='ltr'><strong>rex</strong></span> <span class='ocrx_word' id='word_1_30' title='bbox 854 903 1019 968; x_wconf 84' lang='lat' dir='ltr'><strong>Alfredus</strong></span> <span class='ocrx_word' id='word_1_31' title='bbox 1037 906 1167 971; x_wconf 85' lang='lat' dir='ltr'><strong>adven·</strong></span> 
     </span>
     <span class='ocr_line' id='line_1_6' title="bbox 215 1003 1167 1083; baseline 0.005 -18"><span class='ocrx_word' id='word_1_32' title='bbox 215 1008 289 1065; x_wconf 91' lang='lat' dir='ltr'><strong>tum</strong></span> <span class='ocrx_word' id='word_1_33' title='bbox 321 1020 439 1064; x_wconf 88' lang='lat' dir='ltr'><strong>eorum</strong></span> <span class='ocrx_word' id='word_1_34' title='bbox 469 1003 702 1083; x_wconf 84' lang='lat' dir='ltr'><strong>cognovisset,</strong></span> <span class='ocrx_word' id='word_1_35' title='bbox 734 1003 827 1066; x_wconf 90' lang='lat' dir='ltr'><strong>illico</strong></span> <span class='ocrx_word' id='word_1_36' title='bbox 857 1004 994 1067; x_wconf 88' lang='lat' dir='ltr'><strong>obviam</strong></span> <span class='ocrx_word' id='word_1_37' title='bbox 1025 1007 1167 1070; x_wconf 87' lang='lat' dir='ltr'><strong>veniens</strong></span> 
     </span>
     <span class='ocr_line' id='line_1_7' title="bbox 213 1101 1165 1185; baseline 0.004 -21"><span class='ocrx_word' id='word_1_38' title='bbox 213 1119 292 1166; x_wconf 91' lang='lat' dir='ltr'><strong>cum</strong></span> <span class='ocrx_word' id='word_1_39' title='bbox 313 1101 399 1183; x_wconf 89' lang='lat' dir='ltr'><strong>ipsis</strong></span> <span class='ocrx_word' id='word_1_40' title='bbox 426 1101 599 1182; x_wconf 82' lang='lat' dir='ltr'>disposuit</span> <span class='ocrx_word' id='word_1_41' title='bbox 625 1102 797 1183; x_wconf 86' lang='lat' dir='ltr'><strong>praeliari;</strong></span> <span class='ocrx_word' id='word_1_42' title='bbox 829 1109 868 1166; x_wconf 88' lang='lat' dir='ltr'><strong>at</strong></span> <span class='ocrx_word' id='word_1_43' title='bbox 886 1104 1015 1185; x_wconf 84' lang='lat' dir='ltr'><strong>pagani</strong></span> <span class='ocrx_word' id='word_1_44' title='bbox 1036 1104 1165 1168; x_wconf 89' lang='lat' dir='ltr'><strong>bellum</strong></span> 
     </span>
     <span class='ocr_line' id='line_1_8' title="bbox 214 1200 1165 1283; baseline 0.005 -21"><span class='ocrx_word' id='word_1_45' title='bbox 214 1218 394 1263; x_wconf 83' lang='lat' dir='ltr'><strong>conserere</strong></span> <span class='ocrx_word' id='word_1_46' title='bbox 416 1208 608 1264; x_wconf 84' lang='lat' dir='ltr'><strong>metuentes</strong></span> <span class='ocrx_word' id='word_1_47' title='bbox 639 1200 830 1283; x_wconf 85' lang='lat' dir='ltr'><strong>elegerunt,</strong></span> <span class='ocrx_word' id='word_1_48' title='bbox 854 1201 945 1264; x_wconf 89' lang='lat' dir='ltr'><strong>datis</strong></span> <span class='ocrx_word' id='word_1_49' title='bbox 975 1202 1165 1282; x_wconf 85' lang='lat' dir='ltr'><strong>obsidibus,</strong></span> 
     </span>
     <span class='ocr_line' id='line_1_9' title="bbox 213 1297 1163 1382; baseline 0.006 -22"><span class='ocrx_word' id='word_1_50' title='bbox 213 1297 413 1362; x_wconf 87' lang='lat' dir='ltr'><strong>dilationem</strong></span> <span class='ocrx_word' id='word_1_51' title='bbox 428 1318 595 1382; x_wconf 77' lang='lat' dir='ltr'><strong>quaerere,</strong></span> <span class='ocrx_word' id='word_1_52' title='bbox 610 1319 790 1382; x_wconf 88' lang='lat' dir='ltr'><strong>quousque</strong></span> <span class='ocrx_word' id='word_1_53' title='bbox 813 1299 947 1363; x_wconf 88' lang='lat' dir='ltr'><strong>fortiori</strong></span> <span class='ocrx_word' id='word_1_54' title='bbox 963 1300 1088 1365; x_wconf 91' lang='lat' dir='ltr'><strong>militia</strong></span> <span class='ocrx_word' id='word_1_55' title='bbox 1102 1304 1163 1366; x_wconf 91' lang='lat' dir='ltr'><strong>sti·</strong></span> 
     </span>
     <span class='ocr_line' id='line_1_10' title="bbox 213 1398 1164 1481; baseline 0.004 -21"><span class='ocrx_word' id='word_1_56' title='bbox 213 1399 287 1479; x_wconf 90' lang='lat' dir='ltr'><strong>pati</strong></span> <span class='ocrx_word' id='word_1_57' title='bbox 304 1399 430 1481; x_wconf 73' lang='lat' dir='ltr'><strong>aequali</strong></span> <span class='ocrx_word' id='word_1_58' title='bbox 453 1405 594 1481; x_wconf 87' lang='lat' dir='ltr'><strong>possent</strong></span> <span class='ocrx_word' id='word_1_59' title='bbox 609 1398 708 1462; x_wconf 88' lang='lat' dir='ltr'><strong>lance</strong></span> <span class='ocrx_word' id='word_1_60' title='bbox 723 1399 857 1480; x_wconf 90' lang='lat' dir='ltr'><strong>pondus</strong></span> <span class='ocrx_word' id='word_1_61' title='bbox 872 1400 1070 1463; x_wconf 77' lang='lat' dir='ltr'><strong>certaminis</strong></span> <span class='ocrx_word' id='word_1_62' title='bbox 1087 1420 1164 1464; x_wconf 86' lang='lat' dir='ltr'><strong>sus-</strong></span> 
     </span>
     <span class='ocr_line' id='line_1_11' title="bbox 214 1496 1161 1581; baseline 0.003 -21"><span class='ocrx_word' id='word_1_63' title='bbox 214 1497 342 1576; x_wconf 81' lang='lat' dir='ltr'><strong>tinere3</strong></span> <span class='ocrx_word' id='word_1_64' title='bbox 360 1499 568 1581; x_wconf 82' lang='lat' dir='ltr'><strong>jnraverunt</strong></span> <span class='ocrx_word' id='word_1_65' title='bbox 589 1497 741 1580; x_wconf 88' lang='lat' dir='ltr'><strong>insuper,</strong></span> <span class='ocrx_word' id='word_1_66' title='bbox 758 1496 852 1581; x_wconf 92' lang='lat' dir='ltr'><strong>quod</strong></span> <span class='ocrx_word' id='word_1_67' title='bbox 869 1499 912 1562; x_wconf 95' lang='lat' dir='ltr'><strong>de</strong></span> <span class='ocrx_word' id='word_1_68' title='bbox 927 1519 1034 1580; x_wconf 81' lang='lat' dir='ltr'><strong>regno</strong></span> <span class='ocrx_word' id='word_1_69' title='bbox 1043 1499 1161 1563; x_wconf 89' lang='lat' dir='ltr'><strong>West-</strong></span> 
     </span>
     <span class='ocr_line' id='line_1_12' title="bbox 211 1596 1162 1674; baseline 0.005 -16"><span class='ocrx_word' id='word_1_70' title='bbox 211 1615 383 1660; x_wconf 84' lang='lat' dir='ltr'><strong>saxonum</strong></span> <span class='ocrx_word' id='word_1_71' title='bbox 418 1596 532 1661; x_wconf 81' lang='lat' dir='ltr'><strong>forent</strong></span> <span class='ocrx_word' id='word_1_72' title='bbox 563 1597 726 1660; x_wconf 90' lang='lat' dir='ltr'><strong>continuo</strong></span> <span class='ocrx_word' id='word_1_73' title='bbox 758 1598 937 1674; x_wconf 87' lang='lat' dir='ltr'><strong>recessuri,</strong></span> <span class='ocrx_word' id='word_1_74' title='bbox 975 1598 1036 1662; x_wconf 89' lang='lat' dir='ltr'><strong>sed</strong></span> <span class='ocrx_word' id='word_1_75' title='bbox 1066 1618 1162 1663; x_wconf 87' lang='lat' dir='ltr'><strong>more</strong></span> 
     </span>
     <span class='ocr_line' id='line_1_13' title="bbox 212 1695 1162 1778; baseline 0.003 -19"><span class='ocrx_word' id='word_1_76' title='bbox 212 1695 315 1759; x_wconf 89' lang='lat' dir='ltr'><strong>solito</strong></span> <span class='ocrx_word' id='word_1_77' title='bbox 342 1695 481 1759; x_wconf 76' lang='lat' dir='ltr'><strong>fallacia</strong></span> <span class='ocrx_word' id='word_1_78' title='bbox 517 1696 678 1772; x_wconf 87' lang='lat' dir='ltr'><strong>nitentes,</strong></span> <span class='ocrx_word' id='word_1_79' title='bbox 710 1697 849 1778; x_wconf 90' lang='lat' dir='ltr'><strong>dirupto</strong></span> <span class='ocrx_word' id='word_1_80' title='bbox 883 1696 1024 1773; x_wconf 86' lang='lat' dir='ltr'><strong>soedere,</strong></span> <span class='ocrx_word' id='word_1_81' title='bbox 1060 1705 1162 1762; x_wconf 87' lang='lat' dir='ltr'><strong>nocte</strong></span> 
     </span>
     <span class='ocr_line' id='line_1_14' title="bbox 211 1794 1161 1878; baseline 0.004 -22"><span class='ocrx_word' id='word_1_82' title='bbox 211 1795 360 1875; x_wconf 88' lang='lat' dir='ltr'><strong>quadam</strong></span> <span class='ocrx_word' id='word_1_83' title='bbox 393 1794 558 1859; x_wconf 82' lang='lat' dir='ltr'><strong>furtivum</strong></span> <span class='ocrx_word' id='word_1_84' title='bbox 586 1795 752 1859; x_wconf 81' lang='lat' dir='ltr'><strong>facientes</strong></span> <span class='ocrx_word' id='word_1_85' title='bbox 783 1797 950 1878; x_wconf 89' lang='lat' dir='ltr'><strong>impetum</strong></span> <span class='ocrx_word' id='word_1_86' title='bbox 981 1797 1161 1860; x_wconf 87' lang='lat' dir='ltr'><strong>universos</strong></span> 
     </span>
     <span class='ocr_line' id='line_1_15' title="bbox 212 1894 1162 1976; baseline 0.004 -21"><span class='ocrx_word' id='word_1_87' title='bbox 212 1894 303 1975; x_wconf 85' lang='lat' dir='ltr'><strong>regis</strong></span> <span class='ocrx_word' id='word_1_88' title='bbox 336 1895 470 1976; x_wconf 89' lang='lat' dir='ltr'><strong>equites</strong></span> <span class='ocrx_word' id='word_1_89' title='bbox 504 1902 749 1976; x_wconf 82' lang='lat' dir='ltr'><strong>peremerunt3</strong></span> <span class='ocrx_word' id='word_1_90' title='bbox 779 1915 849 1976; x_wconf 94' lang='lat' dir='ltr'><strong>quo</strong></span> <span class='ocrx_word' id='word_1_91' title='bbox 883 1894 976 1959; x_wconf 85' lang='lat' dir='ltr'><strong>sacto</strong></span> <span class='ocrx_word' id='word_1_92' title='bbox 1006 1894 1051 1959; x_wconf 90' lang='lat' dir='ltr'><strong>ad</strong></span> <span class='ocrx_word' id='word_1_93' title='bbox 1078 1895 1162 1960; x_wconf 87' lang='lat' dir='ltr'><strong>civi-</strong></span> 
     </span>
     <span class='ocr_line' id='line_1_16' title="bbox 211 1991 1159 2072; baseline 0.002 -16"><span class='ocrx_word' id='word_1_94' title='bbox 211 1999 317 2057; x_wconf 88' lang='lat' dir='ltr'><strong>tatem</strong></span> <span class='ocrx_word' id='word_1_95' title='bbox 332 1992 505 2057; x_wconf 83' lang='lat' dir='ltr'><strong>Exoniam</strong></span> <span class='ocrx_word' id='word_1_96' title='bbox 522 1994 749 2057; x_wconf 89' lang='lat' dir='ltr'><strong>diverterunt.</strong></span> <span class='ocrx_word' id='word_1_97' title='bbox 786 1993 887 2057; x_wconf 90' lang='lat' dir='ltr'><strong>Tune</strong></span> <span class='ocrx_word' id='word_1_98' title='bbox 904 2014 966 2057; x_wconf 86' lang='lat' dir='ltr'><strong>rex</strong></span> <span class='ocrx_word' id='word_1_99' title='bbox 984 1991 1159 2072; x_wconf 85' lang='lat' dir='ltr'><strong>Alfredus,</strong></span> 
     </span>
     <span class='ocr_line' id='line_1_17' title="bbox 211 2090 1159 2174; baseline 0.001 -19"><span class='ocrx_word' id='word_1_100' title='bbox 211 2093 367 2156; x_wconf 81' lang='lat' dir='ltr'><strong>exercitu</strong></span> <span class='ocrx_word' id='word_1_101' title='bbox 384 2102 608 2174; x_wconf 83' lang='lat' dir='ltr'><strong>congregato,</strong></span> <span class='ocrx_word' id='word_1_102' title='bbox 617 2090 802 2156; x_wconf 78' lang='lat' dir='ltr'><strong>&#39;insecutus</strong></span> <span class='ocrx_word' id='word_1_103' title='bbox 817 2100 871 2156; x_wconf 89' lang='lat' dir='ltr'><strong>est</strong></span> <span class='ocrx_word' id='word_1_104' title='bbox 888 2112 968 2170; x_wconf 85' lang='lat' dir='ltr'><strong>eos3</strong></span> <span class='ocrx_word' id='word_1_105' title='bbox 985 2094 1058 2170; x_wconf 90' lang='lat' dir='ltr'><strong>sed,</strong></span> <span class='ocrx_word' id='word_1_106' title='bbox 1076 2095 1159 2174; x_wconf 90' lang='lat' dir='ltr'><strong>qnia</strong></span> 
     </span>
     <span class='ocr_line' id='line_1_18' title="bbox 209 2191 1159 2275; baseline 0.002 -21"><span class='ocrx_word' id='word_1_107' title='bbox 209 2191 385 2255; x_wconf 88' lang='lat' dir='ltr'><strong>civitatem</strong></span> <span class='ocrx_word' id='word_1_108' title='bbox 402 2191 477 2275; x_wconf 86' lang='lat' dir='ltr'><strong>jam</strong></span> <span class='ocrx_word' id='word_1_109' title='bbox 494 2192 642 2273; x_wconf 84' lang='lat' dir='ltr'><strong>ingressi</strong></span> <span class='ocrx_word' id='word_1_110' title='bbox 663 2192 812 2268; x_wconf 87' lang='lat' dir='ltr'><strong>fuerant,</strong></span> <span class='ocrx_word' id='word_1_111' title='bbox 830 2191 985 2274; x_wconf 89' lang='lat' dir='ltr'><strong>permisit</strong></span> <span class='ocrx_word' id='word_1_112' title='bbox 998 2192 1077 2256; x_wconf 89' lang='lat' dir='ltr'><strong>illos</strong></span> <span class='ocrx_word' id='word_1_113' title='bbox 1094 2192 1159 2256; x_wconf 89' lang='lat' dir='ltr'><strong>ibi·</strong></span> 
     </span>
     <span class='ocr_line' id='line_1_19' title="bbox 210 2285 1159 2373; baseline 0.002 -20"><span class='ocrx_word' id='word_1_114' title='bbox 210 2289 286 2353; x_wconf 90' lang='lat' dir='ltr'><strong>dem</strong></span> <span class='ocrx_word' id='word_1_115' title='bbox 304 2291 477 2373; x_wconf 84' lang='lat' dir='ltr'><strong>hyemare.</strong></span> <span class='ocrx_word' id='word_1_116' title='bbox 523 2291 654 2354; x_wconf 90' lang='lat' dir='ltr'><strong>Eodem</strong></span> <span class='ocrx_word' id='word_1_117' title='bbox 671 2310 761 2354; x_wconf 88' lang='lat' dir='ltr'><strong>anno</strong></span> <span class='ocrx_word' id='word_1_118' title='bbox 780 2310 842 2353; x_wconf 87' lang='lat' dir='ltr'><strong>rex</strong></span> <span class='ocrx_word' id='word_1_119' title='bbox 861 2285 1159 2356; x_wconf 88' lang='lat' dir='ltr'><strong>Danornm²Hal—</strong></span> 
     </span>
     <span class='ocr_line' id='line_1_20' title="bbox 209 2388 1160 2472; baseline 0.003 -21"><span class='ocrx_word' id='word_1_120' title='bbox 209 2388 318 2452; x_wconf 89' lang='lat' dir='ltr'><strong>denus</strong></span> <span class='ocrx_word' id='word_1_121' title='bbox 335 2389 689 2454; x_wconf 87' lang='lat' dir='ltr'><strong>Northanhumbriam</strong></span> <span class='ocrx_word' id='word_1_122' title='bbox 704 2410 889 2472; x_wconf 86' lang='lat' dir='ltr'><strong>occupans,</strong></span> <span class='ocrx_word' id='word_1_123' title='bbox 901 2390 967 2453; x_wconf 92' lang='lat' dir='ltr'><strong>sibi</strong></span> <span class='ocrx_word' id='word_1_124' title='bbox 978 2410 1054 2453; x_wconf 87' lang='lat' dir='ltr'><strong>eam</strong></span> <span class='ocrx_word' id='word_1_125' title='bbox 1071 2393 1160 2455; x_wconf 86' lang='lat' dir='ltr'><strong>suis·</strong></span> 
     </span>
     <span class='ocr_line' id='line_1_21' title="bbox 211 2489 1158 2573; baseline 0.003 -21"><span class='ocrx_word' id='word_1_126' title='bbox 211 2508 278 2571; x_wconf 88' lang='lat' dir='ltr'><strong>que</strong></span> <span class='ocrx_word' id='word_1_127' title='bbox 295 2489 460 2554; x_wconf 86' lang='lat' dir='ltr'><strong>ministris</strong></span> <span class='ocrx_word' id='word_1_128' title='bbox 479 2490 667 2568; x_wconf 87' lang='lat' dir='ltr'><strong>distribuit,</strong></span> <span class='ocrx_word' id='word_1_129' title='bbox 680 2490 845 2573; x_wconf 85' lang='lat' dir='ltr'><strong>illamque</strong></span> <span class='ocrx_word' id='word_1_130' title='bbox 860 2491 904 2552; x_wconf 86' lang='lat' dir='ltr'><strong>ab</strong></span> <span class='ocrx_word' id='word_1_131' title='bbox 922 2489 1077 2554; x_wconf 85' lang='lat' dir='ltr'><strong>exercitu</strong></span> <span class='ocrx_word' id='word_1_132' title='bbox 1094 2511 1158 2555; x_wconf 92' lang='lat' dir='ltr'><strong>suo</strong></span> 
     </span>
     <span class='ocr_line' id='line_1_22' title="bbox 209 2588 1157 2672; baseline 0.002 -21"><span class='ocrx_word' id='word_1_133' title='bbox 209 2588 276 2651; x_wconf 91' lang='lat' dir='ltr'><strong>coli</strong></span> <span class='ocrx_word' id='word_1_134' title='bbox 292 2588 396 2668; x_wconf 83' lang='lat' dir='ltr'><strong>iecit3</strong></span> <span class='ocrx_word' id='word_1_135' title='bbox 420 2597 503 2653; x_wconf 92' lang='lat' dir='ltr'><strong>tnnc</strong></span> <span class='ocrx_word' id='word_1_136' title='bbox 525 2608 588 2652; x_wconf 87' lang='lat' dir='ltr'><strong>rex</strong></span> <span class='ocrx_word' id='word_1_137' title='bbox 611 2589 765 2672; x_wconf 91' lang='lat' dir='ltr'><strong>ejusdem</strong></span> <span class='ocrx_word' id='word_1_138' title='bbox 788 2588 989 2672; x_wconf 83' lang='lat' dir='ltr'><strong>provinciae,</strong></span> <span class='ocrx_word' id='word_1_139' title='bbox 1004 2588 1157 2668; x_wconf 77' lang='lat' dir='ltr'><strong>RicsiuS,</strong></span> 
     </span>
     <span class='ocr_line' id='line_1_23' title="bbox 210 2687 1157 2766; baseline 0.002 -16"><span class='ocrx_word' id='word_1_140' title='bbox 210 2694 323 2751; x_wconf 82' lang='lat' dir='ltr'><strong>tuctus</strong></span> <span class='ocrx_word' id='word_1_141' title='bbox 339 2687 458 2752; x_wconf 89' lang='lat' dir='ltr'><strong>dolore</strong></span> <span class='ocrx_word' id='word_1_142' title='bbox 474 2688 587 2752; x_wconf 92' lang='lat' dir='ltr'><strong>cordis</strong></span> <span class='ocrx_word' id='word_1_143' title='bbox 602 2688 823 2766; x_wconf 90' lang='lat' dir='ltr'><strong>intrinsecus,</strong></span> <span class='ocrx_word' id='word_1_144' title='bbox 837 2688 928 2753; x_wconf 91' lang='lat' dir='ltr'><strong>diem</strong></span> <span class='ocrx_word' id='word_1_145' title='bbox 952 2689 1078 2754; x_wconf 91' lang='lat' dir='ltr'><strong>clausit</strong></span> <span class='ocrx_word' id='word_1_146' title='bbox 1094 2709 1157 2753; x_wconf 85' lang='lat' dir='ltr'><strong>ex-</strong></span> 
     </span>
     <span class='ocr_line' id='line_1_24' title="bbox 208 2781 838 2870; baseline 0.005 -20"><span class='ocrx_word' id='word_1_147' title='bbox 208 2794 367 2865; x_wconf 90' lang='lat' dir='ltr'><strong>tremum,</strong></span> <span class='ocrx_word' id='word_1_148' title='bbox 382 2781 455 2851; x_wconf 82' lang='lat' dir='ltr'><strong>³cui</strong></span> <span class='ocrx_word' id='word_1_149' title='bbox 470 2788 637 2852; x_wconf 91' lang='lat' dir='ltr'><strong>successit</strong></span> <span class='ocrx_word' id='word_1_150' title='bbox 653 2787 838 2870; x_wconf 85' lang='lat' dir='ltr'><strong>Egbertus.</strong></span> 
     </span>
    </p>
   </div>
   <div class='ocr_carea' id='block_1_3' title="bbox 380 2958 986 3044">
    <p class='ocr_par' dir='ltr' id='par_1_3' title="bbox 380 2958 986 3044">
     <span class='ocr_line' id='line_1_25' title="bbox 380 2958 986 3044; baseline -0.005 -20"><span class='ocrx_word' id='word_1_151' title='bbox 380 2959 429 3024; x_wconf 80' lang='lat' dir='ltr'><strong>De</strong></span> <span class='ocrx_word' id='word_1_152' title='bbox 443 2979 522 3024; x_wconf 78' lang='lat' dir='ltr'><strong>noea</strong></span> <span class='ocrx_word' id='word_1_153' title='bbox 536 2960 702 3025; x_wconf 71' lang='lat' dir='ltr'><strong>Dertonae</strong></span> <span class='ocrx_word' id='word_1_154' title='bbox 717 2958 986 3044; x_wconf 79' lang='lat' dir='ltr'><strong>multiplicatione.</strong></span> 
     </span>
    </p>
   </div>
   <div class='ocr_carea' id='block_1_4' title="bbox 199 3083 1318 3863">
    <p class='ocr_par' dir='ltr' id='par_1_4' title="bbox 199 3083 1318 3863">
     <span class='ocr_line' id='line_1_26' title="bbox 256 3083 1282 3193; baseline -0.005 -44"><span class='ocrx_word' id='word_1_155' title='bbox 256 3083 360 3149; x_wconf 88' lang='lat' dir='ltr'><strong>Anno</strong></span> <span class='ocrx_word' id='word_1_156' title='bbox 381 3084 522 3148; x_wconf 92' lang='lat' dir='ltr'><strong>Domini</strong></span> <span class='ocrx_word' id='word_1_157' title='bbox 548 3101 786 3148; x_wconf 84' lang='lat' dir='ltr'><strong>ncccnxxvn.</strong></span> <span class='ocrx_word' id='word_1_158' title='bbox 809 3085 978 3148; x_wconf 86' lang='lat' dir='ltr'><strong>nefandus</strong></span> <span class='ocrx_word' id='word_1_159' title='bbox 1002 3102 1157 3166; x_wconf 84' lang='lat' dir='ltr'><strong>pagano·</strong></span> <span class='ocrx_word' id='word_1_160' title='bbox 1169 3100 1282 3193; x_wconf 43' lang='grc' dir='ltr'><strong>ων.</strong></span> 
     </span>
     <span class='ocr_line' id='line_1_27' title="bbox 207 3184 1318 3268; baseline -0.002 -20"><span class='ocrx_word' id='word_1_161' title='bbox 207 3204 283 3248; x_wconf 89' lang='lat' dir='ltr'><strong>rum</strong></span> <span class='ocrx_word' id='word_1_162' title='bbox 301 3204 457 3261; x_wconf 81' lang='lat' dir='ltr'><strong>acervus,</strong></span> <span class='ocrx_word' id='word_1_163' title='bbox 474 3185 628 3249; x_wconf 83' lang='lat' dir='ltr'><strong>instante</strong></span> <span class='ocrx_word' id='word_1_164' title='bbox 643 3193 796 3268; x_wconf 87' lang='lat' dir='ltr'><strong>tempore</strong></span> <span class='ocrx_word' id='word_1_165' title='bbox 810 3184 1015 3261; x_wconf 87' lang='lat' dir='ltr'><strong>autumnali,</strong></span> <span class='ocrx_word' id='word_1_166' title='bbox 1029 3185 1157 3266; x_wconf 86' lang='lat' dir='ltr'><strong>partim</strong></span> <span class='ocrx_word' id='word_1_167' title='bbox 1170 3203 1239 3243; x_wconf 72' lang='lat' dir='ltr'><strong>turn·</strong></span> <span class='ocrx_word' id='word_1_168' title='bbox 1251 3203 1318 3254; x_wconf 62' lang='lat' dir='ltr'><strong>rupa.</strong></span> 
     </span>
     <span class='ocr_line' id='line_1_28' title="bbox 206 3282 1157 3367; baseline 0 -20"><span class='ocrx_word' id='word_1_169' title='bbox 206 3285 244 3348; x_wconf 92' lang='lat' dir='ltr'><strong>in</strong></span> <span class='ocrx_word' id='word_1_170' title='bbox 261 3283 400 3348; x_wconf 85' lang='lat' dir='ltr'><strong>Exonia</strong></span> <span class='ocrx_word' id='word_1_171' title='bbox 416 3283 544 3347; x_wconf 87' lang='lat' dir='ltr'><strong>resedit</strong></span> <span class='ocrx_word' id='word_1_172' title='bbox 569 3292 604 3347; x_wconf 90' lang='lat' dir='ltr'><strong>et</strong></span> <span class='ocrx_word' id='word_1_173' title='bbox 626 3303 707 3365; x_wconf 86' lang='lat' dir='ltr'><strong>pars</strong></span> <span class='ocrx_word' id='word_1_174' title='bbox 730 3283 806 3367; x_wconf 92' lang='lat' dir='ltr'><strong>ejus</strong></span> <span class='ocrx_word' id='word_1_175' title='bbox 830 3282 997 3347; x_wconf 87' lang='lat' dir='ltr'><strong>Merciam</strong></span> <span class='ocrx_word' id='word_1_176' title='bbox 1022 3282 1157 3364; x_wconf 85' lang='lat' dir='ltr'><strong>praeda·</strong></span> 
     </span>
     <span class='ocr_line' id='line_1_29' title="bbox 207 3381 1156 3464; baseline 0 -18"><span class='ocrx_word' id='word_1_177' title='bbox 207 3391 287 3447; x_wconf 84' lang='lat' dir='ltr'><strong>tura</strong></span> <span class='ocrx_word' id='word_1_178' title='bbox 310 3384 474 3462; x_wconf 85' lang='lat' dir='ltr'><strong>recessit3</strong></span> <span class='ocrx_word' id='word_1_179' title='bbox 506 3383 682 3447; x_wconf 89' lang='lat' dir='ltr'><strong>crescebat</strong></span> <span class='ocrx_word' id='word_1_180' title='bbox 704 3382 845 3464; x_wconf 90' lang='lat' dir='ltr'><strong>insuper</strong></span> <span class='ocrx_word' id='word_1_181' title='bbox 865 3381 987 3445; x_wconf 88' lang='lat' dir='ltr'><strong>diebus</strong></span> <span class='ocrx_word' id='word_1_182' title='bbox 1009 3382 1156 3463; x_wconf 79' lang='lat' dir='ltr'><strong>singulis</strong></span> 
     </span>
     <span class='ocr_line' id='line_1_30' title="bbox 207 3481 1156 3565; baseline 0 -21"><span class='ocrx_word' id='word_1_183' title='bbox 207 3502 446 3565; x_wconf 84' lang='lat' dir='ltr'><strong>perversorum</strong></span> <span class='ocrx_word' id='word_1_184' title='bbox 474 3502 649 3558; x_wconf 90' lang='lat' dir='ltr'><strong>numerus,</strong></span> <span class='ocrx_word' id='word_1_185' title='bbox 681 3482 768 3544; x_wconf 88' lang='lat' dir='ltr'><strong>adeo</strong></span> <span class='ocrx_word' id='word_1_186' title='bbox 793 3481 945 3564; x_wconf 88' lang='lat' dir='ltr'><strong>quidem,</strong></span> <span class='ocrx_word' id='word_1_187' title='bbox 969 3488 1009 3544; x_wconf 93' lang='lat' dir='ltr'><strong>ut</strong></span> <span class='ocrx_word' id='word_1_188' title='bbox 1036 3483 1066 3544; x_wconf 91' lang='lat' dir='ltr'><strong>si</strong></span> <span class='ocrx_word' id='word_1_189' title='bbox 1092 3482 1156 3544; x_wconf 90' lang='lat' dir='ltr'><strong>tri-</strong></span> 
     </span>
     <span class='ocr_line' id='line_1_31' title="bbox 207 3579 1156 3664; baseline -0.001 -19"><span class='ocrx_word' id='word_1_190' title='bbox 207 3582 306 3664; x_wconf 79' lang='lat' dir='ltr'><strong>ginta</strong></span> <span class='ocrx_word' id='word_1_191' title='bbox 332 3583 443 3646; x_wconf 83' lang='lat' dir='ltr'><strong>exeis</strong></span> <span class='ocrx_word' id='word_1_192' title='bbox 468 3581 577 3645; x_wconf 88' lang='lat' dir='ltr'><strong>millia</strong></span> <span class='ocrx_word' id='word_1_193' title='bbox 602 3600 672 3644; x_wconf 93' lang='lat' dir='ltr'><strong>una</strong></span> <span class='ocrx_word' id='word_1_194' title='bbox 691 3581 746 3643; x_wconf 91' lang='lat' dir='ltr'><strong>die</strong></span> <span class='ocrx_word' id='word_1_195' title='bbox 763 3587 979 3657; x_wconf 87' lang='lat' dir='ltr'><strong>necarentur,</strong></span> <span class='ocrx_word' id='word_1_196' title='bbox 995 3579 1055 3642; x_wconf 88' lang='lat' dir='ltr'><strong>alii</strong></span> <span class='ocrx_word' id='word_1_197' title='bbox 1077 3599 1156 3644; x_wconf 86' lang='lat' dir='ltr'><strong>suc·</strong></span> 
     </span>
     <span class='ocr_line' id='line_1_32' title="bbox 205 3676 1155 3763; baseline -0.002 -19"><span class='ocrx_word' id='word_1_198' title='bbox 205 3681 374 3745; x_wconf 83' lang='lat' dir='ltr'><strong>cedebant</strong></span> <span class='ocrx_word' id='word_1_199' title='bbox 390 3701 533 3744; x_wconf 89' lang='lat' dir='ltr'><strong>numero</strong></span> <span class='ocrx_word' id='word_1_200' title='bbox 548 3681 737 3763; x_wconf 90' lang='lat' dir='ltr'><strong>duplicato.</strong></span> <span class='ocrx_word' id='word_1_201' title='bbox 788 3680 889 3744; x_wconf 92' lang='lat' dir='ltr'><strong>Tunc</strong></span> <span class='ocrx_word' id='word_1_202' title='bbox 911 3699 974 3743; x_wconf 86' lang='lat' dir='ltr'><strong>rex</strong></span> <span class='ocrx_word' id='word_1_203' title='bbox 991 3676 1155 3743; x_wconf 82' lang='lat' dir='ltr'><strong>Alfredus</strong></span> 
     </span>
     <span class='ocr_line' id='line_1_33' title="bbox 199 3778 1156 3863; baseline -0.001 -20"><span class='ocrx_word' id='word_1_204' title='bbox 199 3780 307 3863; x_wconf 90' lang='lat' dir='ltr'><strong>jussit</strong></span> <span class='ocrx_word' id='word_1_205' title='bbox 321 3781 430 3845; x_wconf 83' lang='lat' dir='ltr'><strong>ciulas</strong></span> <span class='ocrx_word' id='word_1_206' title='bbox 445 3787 481 3845; x_wconf 92' lang='lat' dir='ltr'><strong>et</strong></span> <span class='ocrx_word' id='word_1_207' title='bbox 497 3781 628 3862; x_wconf 81' lang='lat' dir='ltr'><strong>galeas,</strong></span> <span class='ocrx_word' id='word_1_208' title='bbox 645 3778 680 3842; x_wconf 90' lang='lat' dir='ltr'><strong>id</strong></span> <span class='ocrx_word' id='word_1_209' title='bbox 697 3787 751 3844; x_wconf 90' lang='lat' dir='ltr'><strong>est</strong></span> <span class='ocrx_word' id='word_1_210' title='bbox 765 3779 889 3863; x_wconf 82' lang='lat' dir='ltr'><strong>longas</strong></span> <span class='ocrx_word' id='word_1_211' title='bbox 912 3798 1031 3855; x_wconf 89' lang='lat' dir='ltr'><strong>naves,</strong></span> <span class='ocrx_word' id='word_1_212' title='bbox 1050 3778 1156 3843; x_wconf 82' lang='lat' dir='ltr'><strong>fabri·</strong></span> 
     </span>
    </p>
   </div>
   <div class='ocr_carea' id='block_1_5' title="bbox 203 3878 1153 3962">
    <p class='ocr_par' dir='ltr' id='par_1_5' title="bbox 203 3878 1153 3962">
     <span class='ocr_line' id='line_1_34' title="bbox 203 3878 1153 3962; baseline -0.003 -19"><span class='ocrx_word' id='word_1_213' title='bbox 203 3881 276 3943; x_wconf 87' lang='lat' dir='ltr'><strong>cari</strong></span> <span class='ocrx_word' id='word_1_214' title='bbox 300 3899 361 3962; x_wconf 88' lang='lat' dir='ltr'><strong>per</strong></span> <span class='ocrx_word' id='word_1_215' title='bbox 383 3900 541 3961; x_wconf 81' lang='lat' dir='ltr'><strong>regnum,</strong></span> <span class='ocrx_word' id='word_1_216' title='bbox 567 3887 607 3943; x_wconf 93' lang='lat' dir='ltr'><strong>nt</strong></span> <span class='ocrx_word' id='word_1_217' title='bbox 624 3879 741 3943; x_wconf 88' lang='lat' dir='ltr'><strong>navali</strong></span> <span class='ocrx_word' id='word_1_218' title='bbox 764 3880 885 3961; x_wconf 82' lang='lat' dir='ltr'><strong>praelio</strong></span> <span class='ocrx_word' id='word_1_219' title='bbox 910 3878 1067 3943; x_wconf 88' lang='lat' dir='ltr'><strong>hostibus</strong></span> <span class='ocrx_word' id='word_1_220' title='bbox 1092 3878 1153 3941; x_wconf 90' lang='lat' dir='ltr'><strong>ad-</strong></span> 
     </span>
    </p>
   </div>
   <div class='ocr_carea' id='block_1_6' title="bbox 241 4080 1157 4153">
    <p class='ocr_par' dir='ltr' id='par_1_6' title="bbox 241 4080 1157 4153">
     <span class='ocr_line' id='line_1_35' title="bbox 241 4080 1157 4153; baseline -0.005 -14"><span class='ocrx_word' id='word_1_221' title='bbox 241 4086 316 4139; x_wconf 78' lang='lat' dir='ltr'><strong>¹Duo</strong></span> <span class='ocrx_word' id='word_1_222' title='bbox 331 4090 468 4153; x_wconf 69' lang='lat' dir='ltr'><strong>flamine]</strong></span> <span class='ocrx_word' id='word_1_223' title='bbox 499 4089 552 4138; x_wconf 83' lang='lat' dir='ltr'><strong>The</strong></span> <span class='ocrx_word' id='word_1_224' title='bbox 575 4090 664 4138; x_wconf 84' lang='lat' dir='ltr'><strong>Froom</strong></span> <span class='ocrx_word' id='word_1_225' title='bbox 725 4080 1157 4150; x_wconf 62' lang='lat' dir='ltr'><strong>&#39;riuummrnalfdene’smn</strong></span> 
     </span>
    </p>
   </div>
   <div class='ocr_carea' id='block_1_7' title="bbox 201 4149 1155 4278">
    <p class='ocr_par' dir='ltr' id='par_1_7' title="bbox 201 4149 1155 4278">
     <span class='ocr_line' id='line_1_36' title="bbox 202 4149 1155 4223; baseline -0.007 -14"><span class='ocrx_word' id='word_1_226' title='bbox 202 4160 253 4209; x_wconf 86' lang='lat' dir='ltr'><strong>und</strong></span> <span class='ocrx_word' id='word_1_227' title='bbox 270 4160 380 4223; x_wconf 75' lang='lat' dir='ltr'><strong>Trente3</strong></span> <span class='ocrx_word' id='word_1_228' title='bbox 396 4160 519 4222; x_wconf 84' lang='lat' dir='ltr'><strong>Camden,</strong></span> <span class='ocrx_word' id='word_1_229' title='bbox 534 4161 584 4211; x_wconf 85' lang='lat' dir='ltr'><strong>vol.</strong></span> <span class='ocrx_word' id='word_1_230' title='bbox 604 4161 622 4210; x_wconf 89' lang='lat' dir='ltr'><strong>i.</strong></span> <span class='ocrx_word' id='word_1_231' title='bbox 638 4175 664 4222; x_wconf 74' lang='lat' dir='ltr'><strong>p,</strong></span> <span class='ocrx_word' id='word_1_232' title='bbox 724 4149 1072 4222; x_wconf 70' lang='lat' dir='ltr'><strong>’Caicuccessitssgbertua]</strong></span> <span class='ocrx_word' id='word_1_233' title='bbox 1083 4155 1155 4202; x_wconf 83' lang='lat' dir='ltr'><strong>From</strong></span> 
     </span>
     <span class='ocr_line' id='line_1_37' title="bbox 201 4226 1089 4278; baseline -0.005 -2"><span class='ocrx_word' id='word_1_234' title='bbox 201 4234 255 4278; x_wconf 74' lang='lat' dir='ltr'><strong>ltu.</strong></span> <span class='ocrx_word' id='word_1_235' title='bbox 689 4228 789 4276; x_wconf 82' lang='lat' dir='ltr'><strong>Simeon</strong></span> <span class='ocrx_word' id='word_1_236' title='bbox 801 4227 921 4276; x_wconf 88' lang='lat' dir='ltr'><strong>Dunelm.</strong></span> <span class='ocrx_word' id='word_1_237' title='bbox 933 4226 967 4274; x_wconf 80' lang='lat' dir='ltr'><strong>ad</strong></span> <span class='ocrx_word' id='word_1_238' title='bbox 978 4240 1019 4274; x_wconf 83' lang='lat' dir='ltr'><strong>an.</strong></span> <span class='ocrx_word' id='word_1_239' title='bbox 1031 4228 1089 4274; x_wconf 76' lang='grc'><strong>876.</strong></span> 
     </span>
    </p>
   </div>
   <div class='ocr_carea' id='block_1_8' title="bbox 0 0 1504 5004">
    <p class='ocr_par' dir='ltr' id='par_1_8' title="bbox 0 0 1504 5004">
     <span class='ocr_line' id='line_1_38' title="bbox 0 0 1504 5004; baseline 0 5"><span class='ocrx_word' id='word_1_240' title='bbox 0 0 1504 5004; x_wconf 95' lang='lat' dir='ltr'><strong> </strong></span> 
     </span>
    </p>
   </div>
  </div>
 </body>
</html>
