<?xml version="1.0" encoding="UTF-8"?>
<!DOCTYPE html PUBLIC "-//W3C//DTD XHTML 1.0 Transitional//EN"
    "http://www.w3.org/TR/xhtml1/DTD/xhtml1-transitional.dtd">
<html xmlns="http://www.w3.org/1999/xhtml" xml:lang="en" lang="en">
 <head>
  <title>
</title>
<meta http-equiv="Content-Type" content="text/html;charset=utf-8" />
  <meta name='ocr-system' content='tesseract 3.04.00' />
  <meta name='ocr-capabilities' content='ocr_page ocr_carea ocr_par ocr_line ocrx_word'/>
</head>
<body>
  <div class='ocr_page' id='page_1' title='image "./rogeridewendove05rogegoog_0351.png"; bbox 0 0 3000 5004; ppageno 0'>
   <div class='ocr_carea' id='block_1_1' title="bbox 191 1884 329 1927">
    <p class='ocr_par' dir='ltr' id='par_1_1' title="bbox 191 1884 329 1927">
     <span class='ocr_line' id='line_1_1' title="bbox 191 1884 329 1927; baseline -0.007 0"><span class='ocrx_word' id='word_1_1' title='bbox 191 1884 329 1927; x_wconf 70' lang='lat' dir='ltr'><strong>Dareitatlon</strong></span> 
     </span>
    </p>
   </div>
   <div class='ocr_carea' id='block_1_2' title="bbox 190 1937 318 2076">
    <p class='ocr_par' dir='ltr' id='par_1_2' title="bbox 190 1937 318 2076">
     <span class='ocr_line' id='line_1_2' title="bbox 190 1937 284 1976; baseline -0.011 0"><span class='ocrx_word' id='word_1_2' title='bbox 190 1938 217 1976; x_wconf 80' lang='lat' dir='ltr'><strong>oi</strong></span> <span class='ocrx_word' id='word_1_3' title='bbox 223 1937 284 1976; x_wconf 72' lang='lat' dir='ltr'><strong>Eut·</strong></span> 
     </span>
     <span class='ocr_line' id='line_1_3' title="bbox 192 1987 318 2076; baseline -0.008 0"><span class='ocrx_word' id='word_1_4' title='bbox 192 1987 318 2076; x_wconf 50' lang='lat' dir='ltr'><strong>azius</strong></span> 
     </span>
    </p>
   </div>
   <div class='ocr_carea' id='block_1_3' title="bbox 345 410 1041 474">
    <p class='ocr_par' dir='ltr' id='par_1_3' title="bbox 345 410 1041 474">
     <span class='ocr_line' id='line_1_4' title="bbox 345 410 1041 474; baseline -0.009 0"><span class='ocrx_word' id='word_1_5' title='bbox 345 410 412 474; x_wconf 82' lang='lat'><strong>306</strong></span> <span class='ocrx_word' id='word_1_6' title='bbox 601 424 736 471; x_wconf 82' lang='lat' dir='ltr'><strong>noonni</strong></span> <span class='ocrx_word' id='word_1_7' title='bbox 762 423 809 469; x_wconf 87' lang='lat' dir='ltr'><strong>nn</strong></span> <span class='ocrx_word' id='word_1_8' title='bbox 833 422 1041 470; x_wconf 83' lang='lat' dir='ltr'><strong>wnunovnn</strong></span> 
     </span>
    </p>
   </div>
   <div class='ocr_carea' id='block_1_4' title="bbox 348 575 1308 1158">
    <p class='ocr_par' dir='ltr' id='par_1_4' title="bbox 348 575 1308 1158">
     <span class='ocr_line' id='line_1_5' title="bbox 349 575 1306 663; baseline -0.007 -19"><span class='ocrx_word' id='word_1_9' title='bbox 349 582 420 660; x_wconf 89' lang='lat' dir='ltr'><strong>Qui</strong></span> <span class='ocrx_word' id='word_1_10' title='bbox 446 581 571 647; x_wconf 89' lang='lat' dir='ltr'><strong>iterum</strong></span> <span class='ocrx_word' id='word_1_11' title='bbox 597 587 678 663; x_wconf 91' lang='lat' dir='ltr'><strong>post</strong></span> <span class='ocrx_word' id='word_1_12' title='bbox 701 580 867 655; x_wconf 89' lang='lat' dir='ltr'><strong>triduum,</strong></span> <span class='ocrx_word' id='word_1_13' title='bbox 899 578 991 642; x_wconf 90' lang='lat' dir='ltr'><strong>same</strong></span> <span class='ocrx_word' id='word_1_14' title='bbox 1021 578 1119 641; x_wconf 91' lang='lat' dir='ltr'><strong>illum</strong></span> <span class='ocrx_word' id='word_1_15' title='bbox 1151 575 1306 657; x_wconf 87' lang='lat' dir='ltr'><strong>compel-</strong></span> 
     </span>
     <span class='ocr_line' id='line_1_6' title="bbox 348 674 1307 760; baseline -0.009 -15"><span class='ocrx_word' id='word_1_16' title='bbox 348 682 453 756; x_wconf 84' lang='lat' dir='ltr'><strong>lente,</strong></span> <span class='ocrx_word' id='word_1_17' title='bbox 480 681 524 744; x_wconf 85' lang='lat' dir='ltr'><strong>ad</strong></span> <span class='ocrx_word' id='word_1_18' title='bbox 552 700 706 743; x_wconf 87' lang='lat' dir='ltr'><strong>mensam</strong></span> <span class='ocrx_word' id='word_1_19' title='bbox 733 681 824 760; x_wconf 84' lang='lat' dir='ltr'><strong>regis</strong></span> <span class='ocrx_word' id='word_1_20' title='bbox 850 680 1028 759; x_wconf 86' lang='lat' dir='ltr'><strong>ingressus</strong></span> <span class='ocrx_word' id='word_1_21' title='bbox 1054 678 1167 740; x_wconf 91' lang='lat' dir='ltr'><strong>denuo</strong></span> <span class='ocrx_word' id='word_1_22' title='bbox 1193 674 1307 738; x_wconf 88' lang='lat' dir='ltr'><strong>refici·</strong></span> 
     </span>
     <span class='ocr_line' id='line_1_7' title="bbox 350 774 1305 860; baseline -0.01 -15"><span class='ocrx_word' id='word_1_23' title='bbox 350 781 471 856; x_wconf 87' lang='lat' dir='ltr'><strong>eudns,</strong></span> <span class='ocrx_word' id='word_1_24' title='bbox 498 798 562 843; x_wconf 80' lang='lat' dir='ltr'><strong>rex</strong></span> <span class='ocrx_word' id='word_1_25' title='bbox 590 778 810 843; x_wconf 86' lang='lat' dir='ltr'><strong>vehementer</strong></span> <span class='ocrx_word' id='word_1_26' title='bbox 835 778 1011 841; x_wconf 88' lang='lat' dir='ltr'><strong>admirans</strong></span> <span class='ocrx_word' id='word_1_27' title='bbox 1033 777 1142 860; x_wconf 89' lang='lat' dir='ltr'><strong>jussit</strong></span> <span class='ocrx_word' id='word_1_28' title='bbox 1165 774 1305 856; x_wconf 82' lang='lat' dir='ltr'>insequi</span> 
     </span>
     <span class='ocr_line' id='line_1_8' title="bbox 351 874 1308 960; baseline -0.008 -17"><span class='ocrx_word' id='word_1_29' title='bbox 351 879 502 960; x_wconf 80' lang='lat' dir='ltr'><strong>vestigia</strong></span> <span class='ocrx_word' id='word_1_30' title='bbox 522 879 618 941; x_wconf 86' lang='lat' dir='ltr'><strong>canis</strong></span> <span class='ocrx_word' id='word_1_31' title='bbox 644 879 674 941; x_wconf 91' lang='lat' dir='ltr'><strong>si</strong></span> <span class='ocrx_word' id='word_1_32' title='bbox 696 877 871 941; x_wconf 83' lang='lat' dir='ltr'><strong>recederet</strong></span> <span class='ocrx_word' id='word_1_33' title='bbox 894 878 938 940; x_wconf 88' lang='lat' dir='ltr'><strong>ab</strong></span> <span class='ocrx_word' id='word_1_34' title='bbox 958 877 1051 952; x_wconf 88' lang='lat' dir='ltr'><strong>aula,</strong></span> <span class='ocrx_word' id='word_1_35' title='bbox 1068 882 1102 939; x_wconf 90' lang='lat' dir='ltr'><strong>et</strong></span> <span class='ocrx_word' id='word_1_36' title='bbox 1120 874 1308 954; x_wconf 83' lang='lat' dir='ltr'><strong>diligenter</strong></span> 
     </span>
     <span class='ocr_line' id='line_1_9' title="bbox 351 973 1307 1062; baseline -0.005 -21"><span class='ocrx_word' id='word_1_37' title='bbox 351 998 421 1062; x_wconf 92' lang='lat' dir='ltr'><strong>quo</strong></span> <span class='ocrx_word' id='word_1_38' title='bbox 438 985 597 1060; x_wconf 86' lang='lat' dir='ltr'><strong>pergeret</strong></span> <span class='ocrx_word' id='word_1_39' title='bbox 613 975 805 1058; x_wconf 85' lang='lat' dir='ltr'><strong>explorare.</strong></span> <span class='ocrx_word' id='word_1_40' title='bbox 861 975 1007 1040; x_wconf 89' lang='lat' dir='ltr'><strong>Factum</strong></span> <span class='ocrx_word' id='word_1_41' title='bbox 1032 981 1087 1039; x_wconf 91' lang='lat' dir='ltr'><strong>est</strong></span> <span class='ocrx_word' id='word_1_42' title='bbox 1101 994 1122 1037; x_wconf 88' lang='lat' dir='ltr'><strong>a</strong></span> <span class='ocrx_word' id='word_1_43' title='bbox 1138 973 1307 1037; x_wconf 86' lang='lat' dir='ltr'><strong>ministris</strong></span> 
     </span>
     <span class='ocr_line' id='line_1_10' title="bbox 353 1075 1307 1158; baseline -0.005 -18"><span class='ocrx_word' id='word_1_44' title='bbox 353 1086 392 1141; x_wconf 92' lang='lat' dir='ltr'><strong>nt</strong></span> <span class='ocrx_word' id='word_1_45' title='bbox 416 1076 466 1140; x_wconf 88' lang='lat' dir='ltr'><strong>cis</strong></span> <span class='ocrx_word' id='word_1_46' title='bbox 493 1096 514 1140; x_wconf 92' lang='lat' dir='ltr'><strong>a</strong></span> <span class='ocrx_word' id='word_1_47' title='bbox 536 1096 618 1158; x_wconf 82' lang='lat' dir='ltr'><strong>rege</strong></span> <span class='ocrx_word' id='word_1_48' title='bbox 638 1075 752 1139; x_wconf 83' lang='lat' dir='ltr'><strong>suerat</strong></span> <span class='ocrx_word' id='word_1_49' title='bbox 773 1076 992 1157; x_wconf 89' lang='lat' dir='ltr'><strong>imperatum,</strong></span> <span class='ocrx_word' id='word_1_50' title='bbox 1008 1083 1044 1138; x_wconf 91' lang='lat' dir='ltr'><strong>et</strong></span> <span class='ocrx_word' id='word_1_51' title='bbox 1066 1093 1186 1137; x_wconf 88' lang='lat' dir='ltr'><strong>canem</strong></span> <span class='ocrx_word' id='word_1_52' title='bbox 1209 1092 1307 1136; x_wconf 87' lang='lat' dir='ltr'><strong>rece-</strong></span> 
     </span>
    </p>
   </div>
   <div class='ocr_carea' id='block_1_5' title="bbox 348 1174 1362 1558">
    <p class='ocr_par' dir='ltr' id='par_1_5' title="bbox 348 1174 1362 1558">
     <span class='ocr_line' id='line_1_11' title="bbox 352 1174 1362 1257; baseline -0.002 -19"><span class='ocrx_word' id='word_1_53' title='bbox 352 1176 489 1240; x_wconf 89' lang='lat' dir='ltr'><strong>dentem</strong></span> <span class='ocrx_word' id='word_1_54' title='bbox 513 1176 761 1257; x_wconf 87' lang='lat' dir='ltr'><strong>subsequentes</strong></span> <span class='ocrx_word' id='word_1_55' title='bbox 793 1174 837 1237; x_wconf 89' lang='lat' dir='ltr'><strong>ad</strong></span> <span class='ocrx_word' id='word_1_56' title='bbox 865 1174 1051 1237; x_wconf 88' lang='lat' dir='ltr'><strong>Lothbroci</strong></span> <span class='ocrx_word' id='word_1_57' title='bbox 1083 1191 1209 1255; x_wconf 86' lang='lat' dir='ltr'><strong>corpus</strong></span> <span class='ocrx_word' id='word_1_58' title='bbox 1242 1192 1307 1236; x_wconf 84' lang='lat' dir='ltr'><strong>ex·</strong></span> <span class='ocrx_word' id='word_1_59' title='bbox 1356 1236 1362 1251; x_wconf 75' lang='grc'>,</span> 
     </span>
     <span class='ocr_line' id='line_1_12' title="bbox 352 1271 1308 1356; baseline -0.004 -17"><span class='ocrx_word' id='word_1_60' title='bbox 352 1277 467 1339; x_wconf 85' lang='lat' dir='ltr'><strong>anime</strong></span> <span class='ocrx_word' id='word_1_61' title='bbox 494 1283 576 1338; x_wconf 92' lang='lat' dir='ltr'><strong>sunt</strong></span> <span class='ocrx_word' id='word_1_62' title='bbox 598 1274 766 1356; x_wconf 88' lang='lat' dir='ltr'><strong>perducti.</strong></span> <span class='ocrx_word' id='word_1_63' title='bbox 819 1273 907 1336; x_wconf 88' lang='lat' dir='ltr'><strong>Cum</strong></span> <span class='ocrx_word' id='word_1_64' title='bbox 932 1294 1015 1355; x_wconf 81' lang='lat' dir='ltr'><strong>ergo</strong></span> <span class='ocrx_word' id='word_1_65' title='bbox 1045 1272 1120 1336; x_wconf 84' lang='lat' dir='ltr'><strong>haec</strong></span> <span class='ocrx_word' id='word_1_66' title='bbox 1150 1271 1223 1352; x_wconf 80' lang='lat' dir='ltr'><strong>regi</strong></span> <span class='ocrx_word' id='word_1_67' title='bbox 1247 1271 1308 1335; x_wconf 89' lang='lat' dir='ltr'><strong>de-</strong></span> 
     </span>
     <span class='ocr_line' id='line_1_13' title="bbox 352 1372 1306 1455; baseline -0.002 -18"><span class='ocrx_word' id='word_1_68' title='bbox 352 1375 486 1438; x_wconf 87' lang='lat' dir='ltr'><strong>clarata</strong></span> <span class='ocrx_word' id='word_1_69' title='bbox 514 1373 670 1451; x_wconf 83' lang='lat' dir='ltr'><strong>fuissent,</strong></span> <span class='ocrx_word' id='word_1_70' title='bbox 700 1374 922 1455; x_wconf 90' lang='lat' dir='ltr'><strong>perturbatus</strong></span> <span class='ocrx_word' id='word_1_71' title='bbox 949 1381 1003 1436; x_wconf 89' lang='lat' dir='ltr'><strong>est</strong></span> <span class='ocrx_word' id='word_1_72' title='bbox 1026 1372 1247 1436; x_wconf 88' lang='lat' dir='ltr'><strong>vehementer</strong></span> <span class='ocrx_word' id='word_1_73' title='bbox 1268 1380 1306 1435; x_wconf 88' lang='lat' dir='ltr'><strong>ct</strong></span> 
     </span>
     <span class='ocr_line' id='line_1_14' title="bbox 348 1471 1282 1558; baseline -0.004 -21"><span class='ocrx_word' id='word_1_74' title='bbox 348 1474 468 1558; x_wconf 90' lang='lat' dir='ltr'><strong>jussit,</strong></span> <span class='ocrx_word' id='word_1_75' title='bbox 483 1482 522 1537; x_wconf 87' lang='lat' dir='ltr'><strong>ut</strong></span> <span class='ocrx_word' id='word_1_76' title='bbox 537 1492 663 1555; x_wconf 90' lang='lat' dir='ltr'><strong>corpus</strong></span> <span class='ocrx_word' id='word_1_77' title='bbox 678 1471 865 1554; x_wconf 85' lang='lat' dir='ltr'><strong>sepulturae</strong></span> <span class='ocrx_word' id='word_1_78' title='bbox 881 1471 1059 1536; x_wconf 89' lang='lat' dir='ltr'><strong>honestius</strong></span> <span class='ocrx_word' id='word_1_79' title='bbox 1076 1471 1282 1534; x_wconf 86' lang='lat' dir='ltr'><strong>traderetur.</strong></span> 
     </span>
    </p>
   </div>
   <div class='ocr_carea' id='block_1_6' title="bbox 448 1642 1220 1807">
    <p class='ocr_par' dir='ltr' id='par_1_6' title="bbox 448 1642 1220 1807">
     <span class='ocr_line' id='line_1_15' title="bbox 448 1642 1220 1731; baseline -0.005 -21"><span class='ocrx_word' id='word_1_80' title='bbox 448 1646 501 1724; x_wconf 79' lang='lat' dir='ltr'><strong>Ut,</strong></span> <span class='ocrx_word' id='word_1_81' title='bbox 515 1644 701 1731; x_wconf 53' lang='lat' dir='ltr'><strong>depopulatio</strong></span> <span class='ocrx_word' id='word_1_82' title='bbox 715 1643 910 1729; x_wconf 63' lang='lat' dir='ltr'><strong>Est-auolat,</strong></span> <span class='ocrx_word' id='word_1_83' title='bbox 927 1654 1043 1730; x_wconf 71' lang='lat' dir='ltr'><strong>strapas</strong></span> <span class='ocrx_word' id='word_1_84' title='bbox 1064 1642 1220 1708; x_wconf 80' lang='lat' dir='ltr'><strong>domiuum</strong></span> 
     </span>
     <span class='ocr_line' id='line_1_16' title="bbox 742 1744 909 1807; baseline -0.006 0"><span class='ocrx_word' id='word_1_85' title='bbox 742 1744 784 1807; x_wconf 80' lang='lat' dir='ltr'><strong>ait</strong></span> <span class='ocrx_word' id='word_1_86' title='bbox 797 1752 909 1807; x_wconf 77' lang='lat' dir='ltr'><strong>soca-to.</strong></span> 
     </span>
    </p>
   </div>
   <div class='ocr_carea' id='block_1_7' title="bbox 354 1864 1306 2046">
    <p class='ocr_par' dir='ltr' id='par_1_7' title="bbox 354 1864 1306 2046">
     <span class='ocr_line' id='line_1_17' title="bbox 404 1864 1306 1947; baseline 0 -17"><span class='ocrx_word' id='word_1_87' title='bbox 404 1865 503 1930; x_wconf 82' lang='lat' dir='ltr'><strong>Tunc</strong></span> <span class='ocrx_word' id='word_1_88' title='bbox 516 1885 579 1929; x_wconf 80' lang='lat' dir='ltr'><strong>rex</strong></span> <span class='ocrx_word' id='word_1_89' title='bbox 594 1864 830 1944; x_wconf 83' lang='lat' dir='ltr'><strong>Eadmundus,</strong></span> <span class='ocrx_word' id='word_1_90' title='bbox 847 1865 1005 1947; x_wconf 80' lang='lat' dir='ltr'><strong>diligenti</strong></span> <span class='ocrx_word' id='word_1_91' title='bbox 1019 1865 1062 1929; x_wconf 87' lang='lat' dir='ltr'><strong>de</strong></span> <span class='ocrx_word' id='word_1_92' title='bbox 1077 1873 1187 1929; x_wconf 88' lang='lat' dir='ltr'><strong>morte</strong></span> <span class='ocrx_word' id='word_1_93' title='bbox 1198 1865 1306 1930; x_wconf 89' lang='lat' dir='ltr'><strong>Loth-</strong></span> 
     </span>
     <span class='ocr_line' id='line_1_18' title="bbox 354 1965 1305 2046; baseline 0 -17"><span class='ocrx_word' id='word_1_94' title='bbox 354 1966 449 2029; x_wconf 92' lang='lat' dir='ltr'><strong>broci</strong></span> <span class='ocrx_word' id='word_1_95' title='bbox 476 1965 569 2029; x_wconf 87' lang='lat' dir='ltr'><strong>facta</strong></span> <span class='ocrx_word' id='word_1_96' title='bbox 591 1965 825 2046; x_wconf 90' lang='lat' dir='ltr'><strong>inquisitione,</strong></span> <span class='ocrx_word' id='word_1_97' title='bbox 856 1966 1008 2029; x_wconf 90' lang='lat' dir='ltr'><strong>Bernum</strong></span> <span class='ocrx_word' id='word_1_98' title='bbox 1037 1972 1239 2029; x_wconf 85' lang='lat' dir='ltr'><strong>venatorem</strong></span> <span class='ocrx_word' id='word_1_99' title='bbox 1261 1966 1305 2029; x_wconf 87' lang='lat' dir='ltr'><strong>de</strong></span> 
     </span>
    </p>
   </div>
   <div class='ocr_carea' id='block_1_8' title="bbox 356 2063 1396 2148">
    <p class='ocr_par' dir='ltr' id='par_1_8' title="bbox 356 2063 1396 2148">
     <span class='ocr_line' id='line_1_19' title="bbox 356 2063 1396 2148; baseline -0.003 -20"><span class='ocrx_word' id='word_1_100' title='bbox 356 2085 459 2147; x_wconf 88' lang='lat' dir='ltr'><strong>opere</strong></span> <span class='ocrx_word' id='word_1_101' title='bbox 484 2063 632 2128; x_wconf 83' lang='lat' dir='ltr'><strong>nefando</strong></span> <span class='ocrx_word' id='word_1_102' title='bbox 655 2065 816 2141; x_wconf 86' lang='lat' dir='ltr'><strong>convicit,</strong></span> <span class='ocrx_word' id='word_1_103' title='bbox 834 2073 869 2129; x_wconf 89' lang='lat' dir='ltr'><strong>et</strong></span> <span class='ocrx_word' id='word_1_104' title='bbox 889 2065 997 2148; x_wconf 89' lang='lat' dir='ltr'><strong>jussit</strong></span> <span class='ocrx_word' id='word_1_105' title='bbox 1020 2083 1042 2127; x_wconf 87' lang='lat' dir='ltr'><strong>a</strong></span> <span class='ocrx_word' id='word_1_106' title='bbox 1068 2065 1235 2127; x_wconf 90' lang='lat' dir='ltr'><strong>militibus</strong></span> <span class='ocrx_word' id='word_1_107' title='bbox 1260 2065 1304 2128; x_wconf 92' lang='lat' dir='ltr'><strong>de</strong></span> <span class='ocrx_word' id='word_1_108' title='bbox 1393 2105 1396 2125; x_wconf 90' lang='lat'><em>.</em></span> 
     </span>
    </p>
   </div>
   <div class='ocr_carea' id='block_1_9' title="bbox 356 2163 1306 2247">
    <p class='ocr_par' dir='ltr' id='par_1_9' title="bbox 356 2163 1306 2247">
     <span class='ocr_line' id='line_1_20' title="bbox 356 2163 1306 2247; baseline 0 -20"><span class='ocrx_word' id='word_1_109' title='bbox 356 2165 453 2228; x_wconf 88' lang='lat' dir='ltr'><strong>curia</strong></span> <span class='ocrx_word' id='word_1_110' title='bbox 470 2184 534 2228; x_wconf 88' lang='lat' dir='ltr'><strong>sua</strong></span> <span class='ocrx_word' id='word_1_111' title='bbox 560 2163 750 2247; x_wconf 88' lang='lat' dir='ltr'><strong>adjudicari</strong></span> <span class='ocrx_word' id='word_1_112' title='bbox 767 2183 809 2226; x_wconf 85' lang='lat' dir='ltr'><strong>nc</strong></span> <span class='ocrx_word' id='word_1_113' title='bbox 824 2164 911 2246; x_wconf 83' lang='lat' dir='ltr'><strong>legis</strong></span> <span class='ocrx_word' id='word_1_114' title='bbox 934 2163 1066 2246; x_wconf 78' lang='lat' dir='ltr'><strong>peritiS,</strong></span> <span class='ocrx_word' id='word_1_115' title='bbox 1082 2163 1162 2246; x_wconf 93' lang='lat' dir='ltr'><strong>quid</strong></span> <span class='ocrx_word' id='word_1_116' title='bbox 1181 2164 1225 2227; x_wconf 90' lang='lat' dir='ltr'><strong>de</strong></span> <span class='ocrx_word' id='word_1_117' title='bbox 1242 2163 1306 2227; x_wconf 92' lang='lat' dir='ltr'><strong>ho-</strong></span> 
     </span>
    </p>
   </div>
   <div class='ocr_carea' id='block_1_10' title="bbox 258 2261 1307 2344">
    <p class='ocr_par' dir='ltr' id='par_1_10' title="bbox 258 2261 1307 2344">
     <span class='ocr_line' id='line_1_21' title="bbox 258 2261 1307 2344; baseline 0 -18"><span class='ocrx_word' id='word_1_118' title='bbox 258 2301 260 2305; x_wconf 53' lang='lat'><em>2</em></span> <span class='ocrx_word' id='word_1_119' title='bbox 356 2264 482 2327; x_wconf 88' lang='lat' dir='ltr'><strong>micida</strong></span> <span class='ocrx_word' id='word_1_120' title='bbox 503 2263 592 2327; x_wconf 84' lang='lat' dir='ltr'><strong>foret</strong></span> <span class='ocrx_word' id='word_1_121' title='bbox 610 2262 804 2344; x_wconf 81' lang='lat' dir='ltr'><strong>ugendnm3</strong></span> <span class='ocrx_word' id='word_1_122' title='bbox 828 2283 869 2327; x_wconf 88' lang='lat' dir='ltr'><strong>ac</strong></span> <span class='ocrx_word' id='word_1_123' title='bbox 887 2282 1005 2326; x_wconf 87' lang='lat' dir='ltr'><strong>omnes</strong></span> <span class='ocrx_word' id='word_1_124' title='bbox 1029 2263 1065 2325; x_wconf 95' lang='lat' dir='ltr'><strong>in</strong></span> <span class='ocrx_word' id='word_1_125' title='bbox 1088 2261 1153 2327; x_wconf 92' lang='lat' dir='ltr'><strong>hoc</strong></span> <span class='ocrx_word' id='word_1_126' title='bbox 1175 2264 1307 2344; x_wconf 87' lang='lat' dir='ltr'><strong>pariter</strong></span> 
     </span>
    </p>
   </div>
   <div class='ocr_carea' id='block_1_11' title="bbox 352 2361 1308 4228">
    <p class='ocr_par' dir='ltr' id='par_1_11' title="bbox 352 2361 1308 4228">
     <span class='ocr_line' id='line_1_22' title="bbox 356 2361 1308 2444; baseline 0.001 -18"><span class='ocrx_word' id='word_1_127' title='bbox 356 2369 616 2438; x_wconf 87' lang='lat' dir='ltr'><strong>consenserunt,</strong></span> <span class='ocrx_word' id='word_1_128' title='bbox 630 2370 670 2425; x_wconf 91' lang='lat' dir='ltr'><strong>ut</strong></span> <span class='ocrx_word' id='word_1_129' title='bbox 683 2369 829 2427; x_wconf 86' lang='lat' dir='ltr'><strong>venator</strong></span> <span class='ocrx_word' id='word_1_130' title='bbox 850 2364 886 2426; x_wconf 94' lang='lat' dir='ltr'><strong>in</strong></span> <span class='ocrx_word' id='word_1_131' title='bbox 907 2363 967 2425; x_wconf 92' lang='lat' dir='ltr'><strong>illa</strong></span> <span class='ocrx_word' id='word_1_132' title='bbox 980 2361 1154 2438; x_wconf 86' lang='lat' dir='ltr'><strong>navicula,</strong></span> <span class='ocrx_word' id='word_1_133' title='bbox 1176 2363 1212 2425; x_wconf 93' lang='lat' dir='ltr'><strong>in</strong></span> <span class='ocrx_word' id='word_1_134' title='bbox 1235 2382 1308 2444; x_wconf 86' lang='lat' dir='ltr'><strong>qna</strong></span> 
     </span>
     <span class='ocr_line' id='line_1_23' title="bbox 356 2460 1307 2544; baseline 0.001 -20"><span class='ocrx_word' id='word_1_135' title='bbox 356 2460 588 2543; x_wconf 80' lang='lat' dir='ltr'><strong>saepedictus</strong></span> <span class='ocrx_word' id='word_1_136' title='bbox 620 2461 838 2525; x_wconf 88' lang='lat' dir='ltr'><strong>Lothbrocus</strong></span> <span class='ocrx_word' id='word_1_137' title='bbox 870 2462 907 2524; x_wconf 94' lang='lat' dir='ltr'><strong>in</strong></span> <span class='ocrx_word' id='word_1_138' title='bbox 931 2460 1096 2543; x_wconf 81' lang='lat' dir='ltr'><strong>Angliam</strong></span> <span class='ocrx_word' id='word_1_139' title='bbox 1125 2461 1307 2544; x_wconf 83' lang='lat' dir='ltr'><strong>applicuit,</strong></span> 
     </span>
     <span class='ocr_line' id='line_1_24' title="bbox 356 2560 1306 2641; baseline 0 -17"><span class='ocrx_word' id='word_1_140' title='bbox 356 2567 553 2641; x_wconf 89' lang='lat' dir='ltr'><strong>poneretur,</strong></span> <span class='ocrx_word' id='word_1_141' title='bbox 582 2567 617 2623; x_wconf 90' lang='lat' dir='ltr'><strong>et</strong></span> <span class='ocrx_word' id='word_1_142' title='bbox 642 2561 678 2622; x_wconf 93' lang='lat' dir='ltr'><strong>in</strong></span> <span class='ocrx_word' id='word_1_143' title='bbox 707 2561 819 2624; x_wconf 91' lang='lat' dir='ltr'><strong>medio</strong></span> <span class='ocrx_word' id='word_1_144' title='bbox 849 2561 954 2624; x_wconf 85' lang='lat' dir='ltr'><strong>maris</strong></span> <span class='ocrx_word' id='word_1_145' title='bbox 981 2560 1076 2625; x_wconf 88' lang='lat' dir='ltr'><strong>solus</strong></span> <span class='ocrx_word' id='word_1_146' title='bbox 1103 2561 1177 2623; x_wconf 89' lang='lat' dir='ltr'><strong>sinc</strong></span> <span class='ocrx_word' id='word_1_147' title='bbox 1211 2562 1306 2624; x_wconf 93' lang='lat' dir='ltr'><strong>omni</strong></span> 
     </span>
     <span class='ocr_line' id='line_1_25' title="bbox 356 2659 1306 2742; baseline 0.003 -22"><span class='ocrx_word' id='word_1_148' title='bbox 356 2659 586 2722; x_wconf 90' lang='lat' dir='ltr'><strong>instrumento</strong></span> <span class='ocrx_word' id='word_1_149' title='bbox 618 2659 736 2722; x_wconf 88' lang='lat' dir='ltr'><strong>navali</strong></span> <span class='ocrx_word' id='word_1_150' title='bbox 760 2659 922 2723; x_wconf 91' lang='lat' dir='ltr'><strong>dimissus</strong></span> <span class='ocrx_word' id='word_1_151' title='bbox 951 2661 1127 2742; x_wconf 88' lang='lat' dir='ltr'><strong>probetur,</strong></span> <span class='ocrx_word' id='word_1_152' title='bbox 1151 2660 1182 2722; x_wconf 90' lang='lat' dir='ltr'><strong>si</strong></span> <span class='ocrx_word' id='word_1_153' title='bbox 1206 2661 1306 2723; x_wconf 92' lang='lat' dir='ltr'><strong>illum</strong></span> 
     </span>
     <span class='ocr_line' id='line_1_26' title="bbox 357 2757 1307 2841; baseline 0.003 -21"><span class='ocrx_word' id='word_1_154' title='bbox 357 2757 453 2820; x_wconf 87' lang='lat' dir='ltr'><strong>Deus</strong></span> <span class='ocrx_word' id='word_1_155' title='bbox 473 2757 558 2822; x_wconf 88' lang='lat' dir='ltr'><strong>velit</strong></span> <span class='ocrx_word' id='word_1_156' title='bbox 582 2776 604 2820; x_wconf 83' lang='lat' dir='ltr'><strong>a</strong></span> <span class='ocrx_word' id='word_1_157' title='bbox 625 2758 777 2839; x_wconf 86' lang='lat' dir='ltr'><strong>periculo</strong></span> <span class='ocrx_word' id='word_1_158' title='bbox 796 2758 954 2822; x_wconf 85' lang='lat' dir='ltr'><strong>liberare.</strong></span> <span class='ocrx_word' id='word_1_159' title='bbox 1007 2759 1133 2841; x_wconf 88' lang='lat' dir='ltr'><strong>Itaque</strong></span> <span class='ocrx_word' id='word_1_160' title='bbox 1148 2767 1307 2837; x_wconf 87' lang='lat' dir='ltr'><strong>venator,</strong></span> 
     </span>
     <span class='ocr_line' id='line_1_27' title="bbox 352 2856 1307 2940; baseline 0.003 -21"><span class='ocrx_word' id='word_1_161' title='bbox 352 2856 459 2937; x_wconf 87' lang='lat' dir='ltr'><strong>juxta</strong></span> <span class='ocrx_word' id='word_1_162' title='bbox 476 2857 568 2940; x_wconf 92' lang='lat' dir='ltr'><strong>quod</strong></span> <span class='ocrx_word' id='word_1_163' title='bbox 583 2858 829 2922; x_wconf 88' lang='lat' dir='ltr'><strong>sententiatum</strong></span> <span class='ocrx_word' id='word_1_164' title='bbox 843 2857 969 2935; x_wconf 84' lang='lat' dir='ltr'><strong>fuerat,</strong></span> <span class='ocrx_word' id='word_1_165' title='bbox 983 2858 1018 2921; x_wconf 93' lang='lat' dir='ltr'><strong>in</strong></span> <span class='ocrx_word' id='word_1_166' title='bbox 1036 2857 1307 2939; x_wconf 84' lang='lat' dir='ltr'><strong>profunditatem</strong></span> 
     </span>
     <span class='ocr_line' id='line_1_28' title="bbox 357 2957 1308 3039; baseline 0.006 -21"><span class='ocrx_word' id='word_1_167' title='bbox 357 2957 462 3020; x_wconf 91' lang='lat' dir='ltr'><strong>maris</strong></span> <span class='ocrx_word' id='word_1_168' title='bbox 482 2957 655 3032; x_wconf 91' lang='lat' dir='ltr'><strong>dimissus,</strong></span> <span class='ocrx_word' id='word_1_169' title='bbox 678 2965 759 3038; x_wconf 88' lang='lat' dir='ltr'><strong>post</strong></span> <span class='ocrx_word' id='word_1_170' title='bbox 778 2957 851 3020; x_wconf 86' lang='lat' dir='ltr'><strong>dies</strong></span> <span class='ocrx_word' id='word_1_171' title='bbox 874 2977 1005 3039; x_wconf 89' lang='lat' dir='ltr'><strong>paucos</strong></span> <span class='ocrx_word' id='word_1_172' title='bbox 1028 2957 1064 3020; x_wconf 93' lang='lat' dir='ltr'><strong>in</strong></span> <span class='ocrx_word' id='word_1_173' title='bbox 1080 2957 1231 3021; x_wconf 90' lang='lat' dir='ltr'><strong>Daniam</strong></span> <span class='ocrx_word' id='word_1_174' title='bbox 1253 2966 1308 3024; x_wconf 90' lang='lat' dir='ltr'><strong>est</strong></span> 
     </span>
     <span class='ocr_line' id='line_1_29' title="bbox 356 3056 1308 3138; baseline 0.004 -21"><span class='ocrx_word' id='word_1_175' title='bbox 356 3056 545 3138; x_wconf 77' lang='lat' dir='ltr'><strong>projectuS,</strong></span> <span class='ocrx_word' id='word_1_176' title='bbox 578 3056 637 3137; x_wconf 93' lang='lat' dir='ltr'><strong>qui</strong></span> <span class='ocrx_word' id='word_1_177' title='bbox 670 3075 748 3118; x_wconf 92' lang='lat' dir='ltr'><strong>cnm</strong></span> <span class='ocrx_word' id='word_1_178' title='bbox 776 3074 798 3118; x_wconf 84' lang='lat' dir='ltr'><strong>a</strong></span> <span class='ocrx_word' id='word_1_179' title='bbox 830 3064 991 3138; x_wconf 89' lang='lat' dir='ltr'><strong>portuum</strong></span> <span class='ocrx_word' id='word_1_180' title='bbox 1021 3056 1222 3120; x_wconf 90' lang='lat' dir='ltr'><strong>custodibus</strong></span> <span class='ocrx_word' id='word_1_181' title='bbox 1254 3059 1308 3121; x_wconf 91' lang='lat' dir='ltr'><strong>in·</strong></span> 
     </span>
     <span class='ocr_line' id='line_1_30' title="bbox 357 3153 1307 3235; baseline 0.002 -18"><span class='ocrx_word' id='word_1_182' title='bbox 357 3163 481 3218; x_wconf 89' lang='lat' dir='ltr'><strong>ventus</strong></span> <span class='ocrx_word' id='word_1_183' title='bbox 517 3153 652 3230; x_wconf 85' lang='lat' dir='ltr'><strong>suisset,</strong></span> <span class='ocrx_word' id='word_1_184' title='bbox 690 3163 928 3235; x_wconf 85' lang='lat' dir='ltr'><strong>cognoverunt</strong></span> <span class='ocrx_word' id='word_1_185' title='bbox 966 3156 1162 3219; x_wconf 90' lang='lat' dir='ltr'><strong>naviculam</strong></span> <span class='ocrx_word' id='word_1_186' title='bbox 1200 3156 1307 3233; x_wconf 88' lang='lat' dir='ltr'><strong>Dani,</strong></span> 
     </span>
     <span class='ocr_line' id='line_1_31' title="bbox 357 3252 1305 3335; baseline 0.004 -20"><span class='ocrx_word' id='word_1_187' title='bbox 357 3254 449 3335; x_wconf 91' lang='lat' dir='ltr'><strong>quod</strong></span> <span class='ocrx_word' id='word_1_188' title='bbox 477 3254 513 3316; x_wconf 90' lang='lat' dir='ltr'><strong>iu</strong></span> <span class='ocrx_word' id='word_1_189' title='bbox 540 3253 601 3316; x_wconf 93' lang='lat' dir='ltr'><strong>illa</strong></span> <span class='ocrx_word' id='word_1_190' title='bbox 629 3252 788 3315; x_wconf 90' lang='lat' dir='ltr'><strong>dominus</strong></span> <span class='ocrx_word' id='word_1_191' title='bbox 817 3254 954 3317; x_wconf 88' lang='lat' dir='ltr'><strong>illorum</strong></span> <span class='ocrx_word' id='word_1_192' title='bbox 982 3254 1199 3318; x_wconf 90' lang='lat' dir='ltr'><strong>Lothbrocus</strong></span> <span class='ocrx_word' id='word_1_193' title='bbox 1223 3274 1305 3319; x_wconf 90' lang='lat' dir='ltr'><strong>con-</strong></span> 
     </span>
     <span class='ocr_line' id='line_1_32' title="bbox 356 3351 1306 3434; baseline 0.005 -21"><span class='ocrx_word' id='word_1_194' title='bbox 356 3359 519 3416; x_wconf 84' lang='lat' dir='ltr'><strong>sueverat</strong></span> <span class='ocrx_word' id='word_1_195' title='bbox 541 3351 719 3434; x_wconf 90' lang='lat' dir='ltr'><strong>aucupari,</strong></span> <span class='ocrx_word' id='word_1_196' title='bbox 737 3360 772 3415; x_wconf 98' lang='lat' dir='ltr'><strong>et</strong></span> <span class='ocrx_word' id='word_1_197' title='bbox 787 3353 1023 3434; x_wconf 83' lang='lat' dir='ltr'><strong>perduxerunt</strong></span> <span class='ocrx_word' id='word_1_198' title='bbox 1038 3373 1115 3417; x_wconf 91' lang='lat' dir='ltr'><strong>eum</strong></span> <span class='ocrx_word' id='word_1_199' title='bbox 1141 3353 1186 3417; x_wconf 89' lang='lat' dir='ltr'><strong>ad</strong></span> <span class='ocrx_word' id='word_1_200' title='bbox 1214 3353 1306 3418; x_wconf 90' lang='lat' dir='ltr'><strong>Hin-</strong></span> 
     </span>
     <span class='ocr_line' id='line_1_33' title="bbox 356 3451 1305 3534; baseline 0.004 -21"><span class='ocrx_word' id='word_1_201' title='bbox 356 3470 446 3531; x_wconf 80' lang='lat' dir='ltr'><strong>guar</strong></span> <span class='ocrx_word' id='word_1_202' title='bbox 476 3459 512 3515; x_wconf 89' lang='lat' dir='ltr'><strong>et</strong></span> <span class='ocrx_word' id='word_1_203' title='bbox 539 3451 717 3528; x_wconf 84' lang='lat' dir='ltr'><strong>Hubbam,</strong></span> <span class='ocrx_word' id='word_1_204' title='bbox 742 3451 832 3515; x_wconf 86' lang='lat' dir='ltr'><strong>tilios</strong></span> <span class='ocrx_word' id='word_1_205' title='bbox 855 3452 949 3515; x_wconf 89' lang='lat' dir='ltr'><strong>Dani</strong></span> <span class='ocrx_word' id='word_1_206' title='bbox 976 3453 1012 3516; x_wconf 93' lang='lat' dir='ltr'><strong>in</strong></span> <span class='ocrx_word' id='word_1_207' title='bbox 1038 3451 1169 3534; x_wconf 82' lang='lat' dir='ltr'><strong>Anglin</strong></span> <span class='ocrx_word' id='word_1_208' title='bbox 1197 3452 1305 3517; x_wconf 86' lang='lat' dir='ltr'><strong>inter·</strong></span> 
     </span>
     <span class='ocr_line' id='line_1_34' title="bbox 356 3548 1305 3634; baseline 0.008 -23"><span class='ocrx_word' id='word_1_209' title='bbox 356 3548 449 3626; x_wconf 88' lang='lat' dir='ltr'><strong>fecti,</strong></span> <span class='ocrx_word' id='word_1_210' title='bbox 474 3550 569 3614; x_wconf 85' lang='lat' dir='ltr'><strong>viros</strong></span> <span class='ocrx_word' id='word_1_211' title='bbox 604 3557 764 3631; x_wconf 86' lang='lat' dir='ltr'><strong>potentes</strong></span> <span class='ocrx_word' id='word_1_212' title='bbox 796 3558 832 3615; x_wconf 90' lang='lat' dir='ltr'><strong>et</strong></span> <span class='ocrx_word' id='word_1_213' title='bbox 856 3551 1024 3628; x_wconf 87' lang='lat' dir='ltr'><strong>crudeles,</strong></span> <span class='ocrx_word' id='word_1_214' title='bbox 1049 3553 1108 3634; x_wconf 93' lang='lat' dir='ltr'><strong>qui</strong></span> <span class='ocrx_word' id='word_1_215' title='bbox 1141 3552 1305 3619; x_wconf 90' lang='lat' dir='ltr'><strong>continno</strong></span> 
     </span>
     <span class='ocr_line' id='line_1_35' title="bbox 355 3648 1305 3734; baseline 0.005 -23"><span class='ocrx_word' id='word_1_216' title='bbox 355 3648 519 3711; x_wconf 83' lang='lat' dir='ltr'><strong>adhibitis</strong></span> <span class='ocrx_word' id='word_1_217' title='bbox 536 3648 724 3712; x_wconf 91' lang='lat' dir='ltr'><strong>tortoribus</strong></span> <span class='ocrx_word' id='word_1_218' title='bbox 750 3658 941 3731; x_wconf 83' lang='lat' dir='ltr'><strong>exegerunt</strong></span> <span class='ocrx_word' id='word_1_219' title='bbox 968 3670 990 3713; x_wconf 93' lang='lat' dir='ltr'><strong>a</strong></span> <span class='ocrx_word' id='word_1_220' title='bbox 1010 3650 1137 3727; x_wconf 89' lang='lat' dir='ltr'><strong>Berno,</strong></span> <span class='ocrx_word' id='word_1_221' title='bbox 1163 3651 1305 3734; x_wconf 86' lang='lat' dir='ltr'><strong>quidde</strong></span> 
     </span>
     <span class='ocr_line' id='line_1_36' title="bbox 354 3747 1304 3836; baseline 0.007 -28"><span class='ocrx_word' id='word_1_222' title='bbox 354 3753 455 3836; x_wconf 81' lang='lat' dir='ltr'><strong>patre</strong></span> <span class='ocrx_word' id='word_1_223' title='bbox 472 3765 547 3822; x_wconf 93' lang='lat' dir='ltr'><strong>sno,</strong></span> <span class='ocrx_word' id='word_1_224' title='bbox 563 3747 622 3827; x_wconf 91' lang='lat' dir='ltr'><strong>qui</strong></span> <span class='ocrx_word' id='word_1_225' title='bbox 645 3747 679 3809; x_wconf 95' lang='lat' dir='ltr'><strong>in</strong></span> <span class='ocrx_word' id='word_1_226' title='bbox 706 3747 767 3812; x_wconf 89' lang='lat' dir='ltr'><strong>illa</strong></span> <span class='ocrx_word' id='word_1_227' title='bbox 790 3749 952 3813; x_wconf 86' lang='lat' dir='ltr'><strong>navicula</strong></span> <span class='ocrx_word' id='word_1_228' title='bbox 969 3751 1014 3812; x_wconf 83' lang='lat' dir='ltr'><strong>ab</strong></span> <span class='ocrx_word' id='word_1_229' title='bbox 1030 3750 1080 3814; x_wconf 89' lang='lat' dir='ltr'><strong>eis</strong></span> <span class='ocrx_word' id='word_1_230' title='bbox 1095 3748 1210 3814; x_wconf 84' lang='lat' dir='ltr'><strong>fuerat</strong></span> <span class='ocrx_word' id='word_1_231' title='bbox 1223 3753 1304 3815; x_wconf 90' lang='lat' dir='ltr'><strong>snb·</strong></span> 
     </span>
     <span class='ocr_line' id='line_1_37' title="bbox 355 3846 1305 3930; baseline 0.005 -22"><span class='ocrx_word' id='word_1_232' title='bbox 355 3852 499 3920; x_wconf 87' lang='lat' dir='ltr'><strong>tractus,</strong></span> <span class='ocrx_word' id='word_1_233' title='bbox 517 3852 631 3908; x_wconf 92' lang='lat' dir='ltr'><strong>actum</strong></span> <span class='ocrx_word' id='word_1_234' title='bbox 648 3846 782 3910; x_wconf 87' lang='lat' dir='ltr'><strong>suisset.</strong></span> <span class='ocrx_word' id='word_1_235' title='bbox 835 3849 971 3911; x_wconf 89' lang='lat' dir='ltr'><strong>Bernus</strong></span> <span class='ocrx_word' id='word_1_236' title='bbox 989 3868 1127 3930; x_wconf 91' lang='lat' dir='ltr'><strong>quoquc</strong></span> <span class='ocrx_word' id='word_1_237' title='bbox 1151 3851 1305 3930; x_wconf 82' lang='lat' dir='ltr'><strong>graviter</strong></span> 
     </span>
     <span class='ocr_line' id='line_1_38' title="bbox 355 3943 1305 4030; baseline 0.007 -24"><span class='ocrx_word' id='word_1_238' title='bbox 355 3951 391 4007; x_wconf 90' lang='lat' dir='ltr'><strong>ot</strong></span> <span class='ocrx_word' id='word_1_239' title='bbox 412 3943 471 4007; x_wconf 93' lang='lat' dir='ltr'><strong>diu</strong></span> <span class='ocrx_word' id='word_1_240' title='bbox 494 3945 639 4008; x_wconf 89' lang='lat' dir='ltr'><strong>diversis</strong></span> <span class='ocrx_word' id='word_1_241' title='bbox 663 3945 811 4010; x_wconf 85' lang='lat' dir='ltr'><strong>afflictus</strong></span> <span class='ocrx_word' id='word_1_242' title='bbox 834 3949 1027 4026; x_wconf 87' lang='lat' dir='ltr'><strong>tormentis,</strong></span> <span class='ocrx_word' id='word_1_243' title='bbox 1054 3948 1189 4030; x_wconf 85' lang='lat' dir='ltr'><strong>fingens</strong></span> <span class='ocrx_word' id='word_1_244' title='bbox 1212 3969 1305 4013; x_wconf 88' lang='lat' dir='ltr'><strong>men·</strong></span> 
     </span>
     <span class='ocr_line' id='line_1_39' title="bbox 353 4043 1304 4131; baseline 0.006 -25"><span class='ocrx_word' id='word_1_245' title='bbox 353 4043 502 4120; x_wconf 87' lang='lat' dir='ltr'><strong>dacium,</strong></span> <span class='ocrx_word' id='word_1_246' title='bbox 524 4045 625 4120; x_wconf 82' lang='lat' dir='ltr'><strong>dixit,</strong></span> <span class='ocrx_word' id='word_1_247' title='bbox 643 4046 735 4126; x_wconf 92' lang='lat' dir='ltr'><strong>quod</strong></span> <span class='ocrx_word' id='word_1_248' title='bbox 758 4054 858 4127; x_wconf 86' lang='lat' dir='ltr'><strong>pater</strong></span> <span class='ocrx_word' id='word_1_249' title='bbox 880 4067 1011 4123; x_wconf 90' lang='lat' dir='ltr'><strong>eorum,</strong></span> <span class='ocrx_word' id='word_1_250' title='bbox 1034 4066 1111 4110; x_wconf 92' lang='lat' dir='ltr'><strong>cum</strong></span> <span class='ocrx_word' id='word_1_251' title='bbox 1135 4067 1221 4111; x_wconf 87' lang='lat' dir='ltr'><strong>casu</strong></span> <span class='ocrx_word' id='word_1_252' title='bbox 1247 4069 1304 4131; x_wconf 86' lang='lat' dir='ltr'><strong>ap·</strong></span> 
     </span>
     <span class='ocr_line' id='line_1_40' title="bbox 353 4142 1306 4228; baseline 0.005 -22"><span class='ocrx_word' id='word_1_253' title='bbox 353 4144 530 4224; x_wconf 85' lang='lat' dir='ltr'><strong>plicuisset</strong></span> <span class='ocrx_word' id='word_1_254' title='bbox 549 4144 583 4207; x_wconf 91' lang='lat' dir='ltr'><strong>iu</strong></span> <span class='ocrx_word' id='word_1_255' title='bbox 601 4142 778 4224; x_wconf 80' lang='lat' dir='ltr'><strong>Angliam,</strong></span> <span class='ocrx_word' id='word_1_256' title='bbox 796 4164 818 4208; x_wconf 88' lang='lat' dir='ltr'><strong>a</strong></span> <span class='ocrx_word' id='word_1_257' title='bbox 834 4167 914 4227; x_wconf 83' lang='lat' dir='ltr'><strong>rege</strong></span> <span class='ocrx_word' id='word_1_258' title='bbox 933 4146 1197 4228; x_wconf 85' lang='lat' dir='ltr'><strong>Est-anglorum</strong></span> <span class='ocrx_word' id='word_1_259' title='bbox 1216 4148 1306 4211; x_wconf 88' lang='lat' dir='ltr'><strong>Ead-</strong></span> 
     </span>
    </p>
   </div>
   <div class='ocr_carea' id='block_1_12' title="bbox 0 0 1504 5004">
    <p class='ocr_par' dir='ltr' id='par_1_12' title="bbox 0 0 1504 5004">
     <span class='ocr_line' id='line_1_41' title="bbox 0 0 1504 5004; baseline 0 0"><span class='ocrx_word' id='word_1_260' title='bbox 0 0 1504 5004; x_wconf 95' lang='lat' dir='ltr'><strong> </strong></span> 
     </span>
    </p>
   </div>
  </div>
 </body>
</html>
