3000 5004
473 426 612 475 riorus
636 427 904 479 nrsroumnuu.
1099 417 1163 482 loa

208 603 271 647 nec
298 583 398 648 vobis
422 601 605 665 assurgere
631 586 780 650 voluerit
812 605 889 650 cum
917 584 993 650 sitis
1019 605 1162 652 numero

209 685 336 766 plures,
363 690 399 747 et
422 684 496 766 ipse
516 692 701 766 spernatur
723 705 744 748 a
768 685 891 749 vohis!
943 686 1160 768 Factumque

208 791 262 846 est
285 791 336 860 nt,
354 784 570 847 venientibus
594 784 676 861 illis,
690 781 913 866 Augustinus
938 786 974 849 in
996 785 1083 849 sella
1105 805 1160 850 se·

207 881 317 959 deret,
347 881 439 965 quod
463 882 514 946 illi
537 883 694 947 videntes
718 903 801 948 mox
823 886 968 949 inirem
999 886 1157 950 conversi

205 988 299 1058 sunt,
327 1002 475 1064 eumque
508 984 679 1065 superbiae
713 991 886 1060 notantes,
913 985 1047 1048 cunctis
1076 1003 1156 1067 quaa

206 1081 344 1145 dicebat
380 1082 615 1146 contradicere
654 1083 887 1163 laborabant;
926 1085 1052 1166 quihus
1082 1082 1157 1147 Au-

206 1182 368 1261 gustinus
389 1181 451 1257 ait,
485 1182 543 1245 ‘Si
565 1183 600 1245 in
625 1183 735 1246 trihus
763 1183 887 1246 saltem
915 1184 1155 1264 obtemperare

206 1281 290 1343 mihi
304 1280 423 1358 vultis,
441 1288 480 1344 ut
497 1280 635 1345 Pascha
651 1282 783 1345 scilicet
805 1301 869 1346 suo
893 1289 1045 1363 tempora
1061 1282 1152 1345 cele·

206 1380 325 1455 hretis,
354 1387 393 1443 ut
419 1379 647 1445 ministerium
669 1381 880 1462 baptizandi,
906 1401 975 1463 quo
997 1381 1073 1444 Deo
1098 1400 1153 1444 re·

110 1558 114 1565 Ι
204 1479 388 1557 nascimur,
401 1479 508 1562 juxta
525 1499 654 1544 morem
671 1488 802 1544 sanctae
815 1480 984 1544 Romanae
999 1480 1154 1544 ecclesiae

201 1579 417 1661 compleatis,
434 1587 474 1643 ut
486 1580 582 1661 genti
591 1578 785 1661 Anglorum
802 1598 870 1643 una
884 1580 1062 1644 nobiscum
1076 1599 1154 1644 ver-

204 1679 285 1741 bum
301 1678 369 1743 Dei
392 1679 600 1762 praedicetis,
615 1687 742 1743 caetera
759 1699 838 1762 quae
862 1681 979 1761 agitis,
994 1679 1153 1763 quamvis

204 1778 356 1842 moribus
384 1780 512 1843 nostris
542 1780 730 1855 contraria,
759 1779 1001 1861 aequanimiter
1025 1779 1154 1843 tolera·

204 1878 341 1941 bimus.’
386 1877 437 1944 At
459 1879 511 1941 illi
533 1879 619 1942 nihil
642 1899 680 1942 se
705 1878 827 1942 horum
857 1879 1011 1943 facturos
1040 1897 1152 1960 neque

203 1977 301 2041 illurn
317 1998 380 2060 pro
398 1978 657 2061 archiepiscopo
672 1997 710 2041 se
725 1978 905 2043 habituros
922 1977 1152 2053 affirmabant,

204 2077 420 2142 conferentes
444 2077 488 2141 ad
508 2079 668 2155 invicem,
686 2079 792 2159 ‘quia
805 2079 836 2141 si
851 2077 951 2142 nohis
969 2095 1152 2159 assurgere

204 2177 328 2254 noluit,
352 2179 630 2260 quantomagis,
660 2177 691 2240 si
717 2177 818 2241 subdi
845 2178 1064 2260 coeperimus,
1087 2196 1152 2260 pro

202 2276 309 2341 nihilo
335 2275 554 2341 contemnet?
605 2276 741 2355 Quibus
764 2277 819 2341 vir
841 2277 983 2342 Domini
1010 2274 1153 2357 Augus-

202 2377 295 2440 tinus
311 2376 420 2441 fertur
432 2378 597 2441 minitans
610 2376 752 2452 dixisse,
771 2377 863 2457 quod
886 2378 916 2440 si
938 2395 1058 2459 pacem
1073 2394 1153 2440 cum

203 2475 368 2540 fratribus
390 2476 523 2541 nollent
546 2476 684 2552 hahere,
700 2474 827 2540 bellum
849 2478 893 2540 ah
916 2475 1073 2541 hostibus
1100 2475 1153 2539 fo·

203 2584 280 2640 rent
307 2576 495 2658 accepturi,
533 2584 569 2640 et
603 2577 633 2639 si
669 2576 802 2641 nationi
834 2574 1027 2657 Anglorum
1060 2574 1154 2638 viam

204 2675 285 2739 vitae
304 2675 493 2758 praedicare
517 2675 659 2751 nollent,
682 2695 744 2756 per
759 2674 881 2740 horum
905 2694 1029 2739 manus
1050 2673 1155 2738 ultio·

205 2794 282 2837 nem
307 2782 424 2839 essent
443 2775 565 2840 mortis
584 2776 781 2857 accepturi3
806 2776 898 2857 quod
922 2775 974 2839 ita
996 2794 1058 2857 per
1082 2793 1156 2837 om-

204 2874 263 2937 nia
286 2882 327 2939 ut
347 2874 570 2958 praedixerat,
587 2875 704 2939 divino
731 2882 857 2956 agente
875 2874 1022 2959 judicio,
1039 2879 1155 2955 patra·

204 2980 277 3037 tum
291 2982 354 3040 est.

272 3147 315 3212 Ut
329 3168 383 3212 reo
396 3147 438 3211 N
434 3143 741 3211 mactandorum
755 3144 956 3228 Ethelsridaa
970 3142 1053 3208 mile
1067 3151 1096 3208 at

397 3247 538 3311 ducentos
552 3245 766 3310 naamitarum
781 3244 947 3326 interjacit.

257 3362 350 3434 ¹Nec
368 3368 478 3432 multo
494 3375 573 3450 post
587 3366 812 3444 Ethelfridus,
830 3365 1154 3432 Northanhumhro·
1167 3387 1222 3428 nn.
1232 3387 1277 3427 cos.

205 3489 281 3532 rum
297 3489 360 3533 rex
374 3468 582 3533 fortissimus
600 3474 635 3531 et
650 3486 808 3551 paganus
826 3466 1070 3542 ferocissimus,
1086 3467 1154 3529 col·

204 3570 294 3634 lecto
306 3569 429 3651 grandi
440 3568 608 3645 exercitu,
617 3568 652 3631 in
661 3561 816 3632 ²civitate
829 3566 1032 3647 Legionum,
1043 3585 1122 3648 quae
1134 3585 1155 3629 a
1167 3586 1238 3627 natu
1246 3586 1270 3625 ar

204 3668 383 3733 Britannis
394 3667 635 3749 Kaer-legion,
644 3668 679 3730 id
689 3675 754 3744 est,
761 3668 884 3731 civitas
896 3665 1102 3747 Legionum,
1114 3685 1155 3730 eo
1167 3638 1258 3688 Μ’

204 3768 297 3853 quod
314 3769 483 3832 Romanae
498 3768 653 3850 legiones
675 3768 724 3831 ibi
739 3767 964 3850 perendinare
985 3767 1156 3844 solebant,

203 3870 393 3932 maximam
422 3888 468 3931 ex
495 3867 539 3931 iis
569 3867 651 3931 iecit
677 3875 841 3949 stragem.
905 3866 999 3930 Nam
1028 3867 1156 3930 bellum

238 4074 313 4125 ¹Nec
329 4076 404 4124 multo
419 4075 497 4139 port]
515 4075 562 4124 See
577 4073 666 4135 above,
691 4073 773 4133 origin
798 4071 828 4120 oi
846 4073 897 4121 this
920 4087 993 4121 name
1016 4071 1085 4120 there
1102 4073 1125 4121 ia
1142 4087 1159 4121 a

201 4163 228 4210 p.
241 4151 299 4208 1⁰⁰,
309 4151 364 4194 note
374 4142 394 4195 ⁸.
691 4141 1159 4202 longdissertationinGibson’aCam·

237 4213 531 4280 ”Civitateiaegionumd
544 4213 666 4278 Uponthe
692 4212 752 4276 den,
763 4212 780 4261 i.
792 4227 818 4273 p.
830 4216 888 4263 481.
