3000 5004
480 438 618 485 rnonns
643 438 910 489 ursroarasuu.
1103 426 1169 492 293

216 601 388 647 saxonum
411 605 472 649 rex
486 586 663 669 pacificus
680 588 771 650 inter
790 587 860 650 alia
876 589 967 651 bona
987 589 1168 670 praesentis

216 682 299 746 vitae
326 685 454 761 studia,
481 685 524 749 de
551 705 614 748 suo
640 687 790 750 transitu
813 686 856 749 ad
880 688 972 750 viam
998 688 1167 750 universi-

217 783 300 844 tatis
332 785 502 864 cogitans,
537 804 580 847 ne
606 784 667 847 filii
693 785 769 867 ejus
795 792 875 866 post
901 787 1031 849 obitum
1064 806 1165 850 suum

215 879 306 943 inter
329 901 366 945 se
389 882 633 965 disceptarent,
650 881 903 947 haereditariam
926 887 1075 949 scribere
1091 887 1276 967 epi-navum

215 979 340 1042 stolam
371 981 565 1062 imperavit,
592 982 627 1044 in
660 1000 730 1064 qua
760 990 796 1045 et
822 984 922 1064 regni
954 986 1044 1047 inter
1074 985 1163 1048 filios

215 1073 462 1142 Athelbaldum
488 1088 523 1143 et
548 1080 799 1157 Ethelbertum,
822 1089 857 1144 et
879 1083 969 1144 inter
991 1083 1096 1145 filiam
1128 1092 1164 1148 et

214 1178 426 1258 propinquos
449 1198 489 1242 ac
512 1179 610 1259 regni
633 1180 686 1241 sui
712 1179 845 1242 nobiles
867 1200 1035 1243 summam
1058 1201 1162 1263 pecu·

215 1275 361 1353 uiarum,
377 1296 455 1358 quae
472 1285 551 1359 post
573 1296 610 1340 so
632 1285 840 1359 superesset,
855 1279 1059 1342 divisionem
1074 1280 1163 1343 ordi·

215 1375 375 1439 nabiliter
392 1376 557 1439 mandare
579 1376 688 1439 literis
710 1378 919 1458 procuravit.
973 1378 1044 1441 Pro
1067 1379 1161 1442 utili·

215 1479 287 1536 tate
315 1474 439 1537 animae
477 1494 550 1538 suaa
584 1482 619 1537 et
651 1475 764 1538 salute
795 1495 857 1557 per
885 1496 986 1539 omne
1015 1497 1159 1557 regnum

214 1590 314 1634 suum
349 1592 485 1655 semper
509 1575 545 1636 in
573 1572 689 1636 decem
719 1574 808 1637 hidis
840 1575 895 1637 vel
925 1575 1160 1639 mansionibus

212 1688 398 1753 pauperem
421 1692 526 1735 uuum
551 1672 747 1752 indigenam
764 1674 821 1736 vel
835 1674 1053 1754 peregrinum
1071 1675 1160 1751 cibo,

212 1778 299 1850 potu
324 1777 359 1833 et
381 1772 605 1852 operimento,
627 1772 881 1834 successoribus
903 1773 975 1834 suis
993 1792 1102 1855 usque
1124 1775 1160 1836 in

212 1867 314 1930 finem
336 1870 445 1933 seculi
460 1877 540 1951 post
561 1890 598 1933 se
615 1888 756 1950 pascere
781 1872 957 1952 praecepit,
975 1872 1026 1934 ita
1043 1878 1159 1935 tamen

212 1974 251 2029 ut
273 1968 303 2029 si
322 1975 414 2031 terra
436 1968 498 2031 illa
519 1969 699 2050 pecoribus
722 1968 912 2032 abundaret
935 1977 970 2032 et
990 1972 1033 2033 ab
1051 1969 1160 2035 homi-

212 2066 313 2128 nibus
339 2068 520 2130 coleretur.
583 2066 705 2130 Rornae
736 2076 851 2129 autem
879 2068 1026 2148 singulis
1058 2071 1158 2132 annis

212 2157 400 2228 ¹treceutas
422 2164 642 2229 denariorum
666 2184 848 2229 mancusas
870 2167 1002 2248 portari
1028 2186 1157 2249 praece-

209 2262 273 2344 pit,
286 2265 345 2344 qui
368 2265 484 2328 taliter
497 2264 733 2328 dividerentur
747 2265 886 2340 ibidem,
901 2274 1039 2329 centum
1058 2285 1156 2329 man-

211 2381 311 2426 cusas
352 2363 485 2426 scilicet
522 2365 559 2426 in
592 2363 756 2427 honorem
792 2365 904 2427 sancti
938 2364 1035 2427 Petri
1071 2383 1155 2446 apo·

210 2461 377 2525 stolorum
414 2462 578 2544 principis
622 2462 666 2525 ad
704 2462 884 2526 emendum
924 2463 1050 2539 oleum,
1088 2483 1157 2545 quo

208 2560 432 2642 implerentur
462 2562 578 2624 omnia
610 2560 794 2624 luminaria
821 2562 976 2625 eeclesiae
1018 2571 1159 2644 aposto·
1223 2593 1226 2601 ·

207 2658 284 2723 licae
306 2660 342 2722 in
367 2679 512 2742 vespera
538 2659 696 2737 Paschae,
725 2668 760 2723 et
786 2661 988 2725 tantundem
1013 2660 1049 2723 in
1073 2661 1158 2741 galli

208 2765 326 2835 cantu,
351 2766 387 2821 et
411 2765 548 2822 centum
572 2758 697 2822 ibidem
720 2779 903 2823 mancusas
926 2761 963 2823 in
993 2759 1157 2823 honorem

209 2857 323 2920 sancti
339 2857 441 2920 Pauli
465 2857 594 2920 eisdem
616 2857 659 2921 de
683 2860 810 2934 causis,
828 2866 965 2922 centum
989 2866 1158 2940 praeterea

208 2974 392 3019 mancusas
413 2956 602 3020 universali
624 2976 725 3039 papae
747 2959 914 3039 praecepit
936 2955 1090 3019 exhiberi
1112 2957 1157 3020 ad

208 3074 290 3118 suas
317 3056 551 3138 eleemosynas
579 3055 808 3137 ampliandas.
861 3056 934 3118 Iste
956 3062 1071 3118 autem
1094 3075 1157 3119 rex

208 3152 285 3218 Deo
312 3154 458 3218 devotus
488 3161 570 3218 ante
592 3155 725 3217 obitum
750 3155 893 3235 Egberti
924 3155 1016 3234 regis
1047 3154 1156 3235 patris

207 3254 262 3316 sui
278 3246 480 3318 ²Wentanae
501 3253 594 3315 urbis
618 3252 732 3316 luerat
756 3254 938 3334 episcopus
964 3253 1157 3330 ordinatus,

206 3351 266 3415 sed
290 3360 390 3435 patre
406 3352 581 3428 defuncto,
602 3352 684 3415 licet
699 3351 845 3414 multum
866 3371 1077 3433 repugnans,
1093 3371 1156 3415 rex

207 3459 345 3516 creatus
361 3459 427 3528 est,
442 3470 521 3515 cum
545 3470 615 3514 non
640 3457 732 3514 esset
748 3450 837 3513 alius
852 3450 895 3513 de
911 3451 1007 3532 regio
1030 3470 1156 3530 genere

206 3551 266 3633 qui
289 3570 436 3632 regnare
449 3550 636 3614 debuisset.
688 3549 844 3613 Tandem
858 3569 936 3613 eum
951 3570 1014 3613 rex
1030 3548 1155 3613 Athel-

239 3716 390 3768 ¹Treceutas
416 3720 570 3768 demrioram
599 3732 666 3765 maa·
689 3716 873 3765 ‘denariorum'
891 3717 918 3764 in
941 3715 983 3765 the
1006 3720 1060 3765 text
1081 3716 1155 3766 isan

202 3789 310 3852 cam]
339 3789 487 3837 ‘trecentas
514 3787 667 3847 maneum?
690 3787 875 3847 interpolation.

200 3860 290 3908 Assar.
325 3857 410 3906 Thom
429 3858 492 3906 oalls
509 3857 551 3905 tha
568 3871 667 3918 manca,

202 3942 232 3978 or
253 3942 384 3988 mansura,
410 3927 531 3989 ‘pondus
558 3926 665 3975 duorum
725 3920 1156 3985 'Weataaoeurbissaeratepiaoo-

201 3998 341 4047 solidorum
368 4001 394 4045 et
416 4011 461 4045 aex
489 3995 668 4055 denariorum,'
689 3992 757 4056 pua]
775 3994 809 4042 So
829 3993 1007 4055 Huntingdon‚
1018 4007 1044 4052 p.
1057 3996 1120 4053 Μῦς
1138 4007 1155 4041 1

202 4069 279 4129 equal
290 4072 316 4116 to
327 4081 403 4115 seven
421 4066 537 4127 shillings
553 4065 604 4114 and
615 4066 667 4113 six·
691 4067 775 4123 report
782 4063 867 4111 which
877 4062 1000 4123 probably
1007 4060 1080 4109 arose
1091 4061 1154 4109 from

202 4136 387 4198 11111οοί1111
406 4142 508 4196 present
522 4135 583 4196 day.
619 4135 666 4183 See
691 4132 731 4179 his
754 4133 824 4194 piety
841 4132 892 4183 aud
910 4131 1046 4195 peaceable
1069 4130 1156 4191 dispo·

202 4207 331 4270 spelman,
350 4205 436 4257 Gloss.
465 4205 498 4255 ad
521 4219 571 4255 voc.
611 4205 665 4253 The
691 4201 775 4251 sition.
