3000 5004
466 477 605 526 rnouas
629 477 899 527 ursuoumuuu.
1113 462 1156 527 13

331 709 374 774 Ut
397 709 595 795 Vortiperaua
603 718 734 794 propter
750 710 885 774 Saxones
898 711 1027 775 miserit.

251 834 357 899 Anno
382 834 506 917 gratiae
526 851 693 897 ccocmu.
722 833 931 917 Hengistus,
959 856 1037 900 cum
1061 835 1153 900 Vor-
1168 855 1278 895 unns.

201 936 338 1016 tigemo
364 934 471 998 filiam
495 952 595 998 suam
620 933 830 1015 copulasset,
858 935 970 1016 ipsum
1003 937 1039 999 in
1063 904 1284 999 nuncsslltil‘d

203 1035 340 1098 modum
367 1033 539 1098 allocutus
576 1040 641 1109 est,
668 1032 798 1110 diceus,
824 1032 941 1098 ‘Audi
969 1035 1154 1100 consilium
1169 1005 1311 1056 wwm'

201 1152 328 1211 meum,
352 1141 388 1196 et
413 1133 600 1196 invitemus
623 1131 736 1195 adhuc
758 1131 867 1196 filium
893 1153 1007 1197 meum
1029 1134 1155 1198 Oetam

203 1250 281 1296 cum
308 1232 474 1296 fratruele
496 1250 573 1308 suo,
597 1229 739 1308 Abissa,
761 1231 827 1295 viri
853 1234 944 1295 enim
969 1233 1155 1297 bellatores

202 1339 296 1409 sunt,
311 1339 348 1395 et
364 1331 410 1394 da
434 1331 484 1394 eis
510 1330 681 1411 regiense,
701 1349 779 1414 quae
804 1332 946 1394 suntin
974 1332 1155 1414 aquilona-

202 1430 294 1494 libus
329 1429 522 1494 Britanniae
552 1429 709 1511 partibus
737 1429 845 1513 juxta
880 1449 1027 1508 murum,
1066 1431 1157 1494 inter

206 1523 366 1594 ¹Deiram
388 1536 424 1592 et
439 1529 605 1605 Scotiam,
623 1529 684 1611 qui
699 1529 921 1592 sustinebunt
942 1529 1069 1594 ibidem
1091 1532 1155 1593 im-

204 1636 323 1711 petum
337 1629 574 1705 barbarorum,
592 1635 627 1692 et
640 1628 690 1690 sic
704 1628 792 1692 citra
807 1628 1004 1693 Humbrum
1019 1630 1055 1692 in
1071 1648 1156 1711 pace

206 1727 422 1791 remanebis?
483 1727 608 1792 Paruit
635 1726 881 1809 vortigernus,
912 1737 1017 1811 atque
1049 1728 1156 1805 illico,

205 1829 320 1891 missis
343 1827 482 1909 legatis,
506 1832 676 1892 venerunt
696 1826 787 1890 Octa
810 1834 845 1890 et
861 1826 990 1892 Abissa
1012 1835 1048 1892 et
1071 1828 1156 1892 Cer-

204 1927 328 2004 dicius,
348 1945 427 1989 cum
449 1925 613 1990 trecentis
641 1927 788 1989 navibus
814 1935 949 1991 armata
974 1946 1078 1990 manu
1103 1947 1157 1991 re·

205 2026 333 2109 pletis3
365 2044 453 2107 quos
486 2043 605 2089 omnes
634 2024 868 2106 Vortigernus
895 2027 1044 2108 benigne
1079 2046 1156 2090 sus-

205 2126 309 2207 cepit,
342 2124 572 2207 maximisque
605 2125 803 2188 muneribus
840 2124 996 2190 donavit.
1053 2125 1156 2204 Quod

206 2244 285 2289 cum
313 2223 481 2287 vidissent
517 2223 691 2300 Britones,
731 2224 892 2287 timentes
929 2223 1157 2307 proditionem

207 2341 338 2400 eorum,
366 2323 529 2385 dixerunt
550 2322 636 2404 regi,
660 2329 700 2385 ut
724 2324 819 2405 ipsos
842 2342 887 2385 ex
911 2323 1034 2386 finibus
1061 2324 1158 2404 regni

206 2423 263 2487 sui
287 2421 489 2504 expelleret,
504 2440 573 2484 non
596 2422 688 2484 enim
702 2421 875 2486 debebant
891 2423 1019 2504 pagani
1037 2420 1157 2485 Chris·

208 2520 312 2586 tianis
336 2521 602 2597 communicare,
619 2522 703 2602 quia
724 2521 758 2583 id
781 2521 839 2584 lex
858 2520 1057 2586 Christiana
1074 2541 1156 2604 pro-

208 2621 360 2684 hibebat.
414 2619 563 2702 Insuper
596 2626 695 2682 tanta
723 2639 842 2684 eorum
881 2621 1067 2685 multitudo
1098 2641 1158 2685 su-

208 2726 427 2803 pervenerat,
450 2718 501 2782 ita
526 2726 566 2782 ut
589 2718 723 2782 civibus
741 2720 864 2782 terrori
888 2728 1017 2797 essent,
1032 2720 1158 2803 quibus

209 2819 401 2882 debuerant
422 2836 498 2881 esse
522 2817 693 2899 praesidio.
746 2816 797 2882 At
813 2817 1043 2902 Vortigernus
1058 2819 1158 2884 diffu·
1227 2802 1232 2815 ’

210 2919 328 3000 glebat
351 2916 496 2981 consilio
522 2934 664 2981 suorum
688 2915 921 2999 adquiescere,
948 2919 1031 3000 quia
1055 2938 1162 3001 super

209 3035 328 3081 omnes
344 3022 479 3098 gentes,
494 3022 635 3099 propter
656 3015 839 3099 conjugem
856 3036 966 3095 suam,
986 3037 1045 3082 eos
1062 3009 1161 3079 ’ᾱίἰί-

213 3117 330 3198 gebat.

267 3287 321 3366 Ut,
336 3288 469 3375 deposito
483 3311 550 3375 repe
569 3289 759 3377 Vortiqerno,
766 3288 859 3372 filiae
873 3287 937 3372 ejus
951 3285 1100 3352 successit.

272 3402 378 3469 Anno
405 3405 528 3486 gratiae
556 3421 717 3470 ccccmv.
743 3410 923 3484 magnates
955 3403 1161 3479 Britanniae,
1173 3430 1228 3471 nn,
1237 3432 1283 3471 454.

211 3522 326 3585 regem
353 3502 602 3585 Vortigernum
634 3504 772 3586 penitus
800 3502 1009 3579 deserentes,
1039 3481 1326 3582 unani-md?

212 3601 313 3666 miter
336 3600 574 3667 Vortimerum
600 3603 708 3667 filium
740 3601 816 3685 ejus
843 3601 879 3665 in
908 3620 1024 3683 rogem
1050 3600 1161 3664 subli-

211 3709 405 3766 maverunt.
458 3701 541 3780 Qui,
561 3702 714 3767 consiliis
730 3721 848 3765 eorum
862 3702 897 3764 in
918 3702 1077 3766 omnibus
1100 3700 1161 3763 ad·

210 3800 405 3882 quiescens,
423 3802 532 3883 coepit
547 3801 720 3884 expellere
735 3802 962 3877 herbaceam
976 3801 1161 3883 insequens

249 4098 255 4129 ¹
268 4095 391 4158 neem]
413 4097 463 4146 For
477 4098 510 4146 its
526 4102 621 4159 extent,
631 4112 674 4147 see
698 4098 789 4147 almost
799 4099 904 4160 entirely
916 4097 994 4146 taken
1009 4096 1072 4146 from
1084 4095 1163 4146 aeos·

212 4166 319 4226 Usoher,
331 4183 356 4230 p.
368 4171 427 4217 212.
699 4167 753 4228 frey
764 4168 794 4217 oi
801 4167 960 4230 Moumouth,
972 4167 1042 4216 Hist.
1054 4166 1088 4214 vi.
1100 4179 1159 4226 cap.

247 4232 258 4266 ¹
277 4236 429 4300 Diligebam
447 4236 509 4286 This
531 4236 637 4299 chapter
653 4237 675 4285 is
703 4240 741 4286 13.
