3000 5004
347 455 413 518 374
605 469 738 517 aocnar
763 471 810 516 nn
834 470 1042 518 wnunovna

486 699 685 764 Miracolom
702 700 740 763 de
757 699 888 763 mmsis
902 706 1015 763 sancta
1029 698 1160 763 Marica

189 840 300 881 anno.
402 822 505 888 Anno
531 823 673 887 Domini
700 840 855 886 nccccx.
874 816 1003 886 ¹sancti
1026 822 1195 900 Oswaldi,
1215 824 1306 905 regis

189 891 284 930 lllraele.

351 931 386 987 et
414 924 588 1005 martyris,
611 941 692 986 osse
718 923 761 986 de
786 921 981 985 Bardeneia
1005 929 1203 986 reverenter
1225 932 1305 987 sunt

352 1021 388 1084 in
405 1021 573 1084 Marciam
595 1028 844 1102 transportata.
873 1014 1023 1084 ²Eodem
1044 1029 1199 1102 tempore
1219 1021 1304 1085 Rol-

353 1119 400 1196 lo,
417 1119 700 1183 Normannorum
724 1121 897 1201 princepe,
913 1118 1163 1182 carnotensem
1186 1121 1305 1183 urbem

352 1217 524 1282 hostiliter
554 1237 752 1300 aggressus,
780 1218 910 1282 furtivo
938 1236 1015 1280 eam
1042 1217 1215 1299 disposuit
1242 1220 1304 1281 im·

352 1324 436 1399 petu
470 1316 670 1400 subjugare,
700 1335 805 1399 quam
836 1335 915 1379 cum
952 1316 1080 1380 crebris
1119 1317 1305 1381 insultibus

353 1417 554 1479 subvertere
578 1416 757 1491 niteretur,
780 1415 874 1478 cives
897 1414 940 1477 ad
965 1415 1040 1498 ejus
1070 1414 1304 1481 defensionem

352 1533 528 1577 murorum
550 1513 814 1596 propugnacula
838 1512 1115 1593 adscenderunt3
1143 1514 1204 1578 sed
1228 1533 1304 1578 cum

353 1612 493 1676 tandem
528 1631 571 1674 ne
601 1611 786 1676 deficerent
814 1611 1049 1694 desperarent,
1079 1611 1305 1677 saluberrimo

353 1711 407 1772 usi
438 1710 595 1787 consilio,
625 1729 827 1793 supparum,
858 1710 893 1774 id
928 1719 982 1775 est
1013 1710 1203 1788 camisiam,
1238 1713 1305 1776 Dei

353 1807 543 1886 genitricis,
574 1827 679 1890 quam
708 1809 857 1874 Carolus
885 1828 1032 1892 magnus
1064 1809 1107 1873 de
1135 1809 1304 1875 Hieroso·

354 1905 455 1987 lymis
487 1906 630 1970 veniens
663 1908 788 1972 ibidem
827 1909 864 1971 in
905 1908 1113 1972 monasterio
1149 1908 1303 1991 ejusdem

353 2006 500 2086 virginis
524 2014 700 2088 posuerat,
727 2008 763 2069 in
787 2006 923 2070 editiori
950 2026 1125 2070 murorum
1152 2007 1305 2071 civitatis

353 2103 430 2168 loco
461 2125 525 2187 pro
549 2105 679 2168 vexillo
713 2113 918 2182 statuentes,
950 2105 1134 2170 Bollonem
1162 2113 1198 2168 et
1229 2106 1304 2190 ejus

353 2203 602 2267 commilitones
627 2203 671 2266 ad
695 2204 900 2267 cachinnum
923 2212 1206 2284 commoverunt3
1232 2205 1306 2282 sed,

352 2310 392 2364 ut
413 2303 525 2365 virtus
551 2302 619 2365 Dei
645 2303 823 2383 genitricis
851 2302 1104 2366 incredulorum
1133 2305 1308 2367 temerita-

354 2407 424 2462 tem
447 2400 651 2476 effraenaret,
673 2408 792 2464 tantus
815 2401 930 2465 subito
954 2409 1065 2466 terror
1086 2401 1199 2485 ipsum
1222 2402 1308 2466 Rol-

354 2498 469 2561 lonem
492 2517 569 2561 cum
592 2499 664 2561 suis
687 2501 846 2562 omnibus
862 2501 1057 2582 occupavit,
1074 2508 1115 2563 nt
1135 2502 1306 2578 omnibus,

355 2597 494 2678 quaein
521 2597 699 2661 obsidione
728 2598 914 2675 habebant,
941 2598 1145 2663 festinanter
1178 2600 1306 2664 relictis

355 2715 452 2776 spem
483 2694 619 2758 insola
645 2695 730 2777 suga
755 2699 975 2780 conciperent
1000 2697 1187 2777 evadendi3
1219 2718 1305 2781 quos

355 2813 433 2856 cum
456 2794 550 2858 cives
571 2793 744 2875 fugientes
764 2804 1032 2879 conspexerunt,
1054 2798 1202 2862 insecuti
1224 2805 1305 2861 sunt

355 2911 415 2955 eos
438 2891 475 2956 in
498 2913 556 2956 ore
577 2893 682 2974 gladii
706 2902 741 2958 et
760 2895 870 2960 multa
892 2915 937 2959 ex
959 2897 1009 2958 eis
1028 2896 1138 2958 millia
1153 2905 1304 2979 proster-

356 2999 477 3055 nentes
498 2992 612 3074 ipsum
637 2991 821 3057 Rollonem
850 2994 894 3057 ad
919 2993 1237 3076 Rothomagensem
1259 2995 1307 3057 ci·

354 3091 512 3168 vitatem,
541 3091 703 3154 laceratis
732 3093 940 3174 agminibus,
975 3093 1095 3174 sugere
1129 3094 1304 3177 compulo·

354 3197 447 3253 runt.

653 3369 727 3434 Duo
743 3390 823 3454 reges
832 3369 1005 3454 perierunt.

405 3491 508 3557 Anno
536 3494 679 3558 Domini
710 3510 879 3557 nccccx1.
906 3487 1130 3557 ’Anastasius
1154 3493 1246 3559 sedit
1268 3495 1304 3559 in

354 3593 520 3655 cathedra
535 3592 697 3656 Romana
717 3594 818 3656 annis
841 3593 975 3656 dnobus
995 3600 1031 3658 et
1044 3593 1190 3658 totidem
1209 3614 1304 3659 men·

390 3902 398 3933 ¹
410 3905 497 3954 Sancti
511 3905 649 3969 Osmida]
668 3904 718 3953 His
734 3908 816 3954 trane
840 3903 1212 3970 will.otJumi6ges,it§1a
1239 3907 1306 3959 Botr-

352 3975 431 4025 lation
450 3977 472 4024 is
494 3975 585 4036 placed
603 3975 637 4036 by
653 3975 772 4025 Florence
789 3976 815 4023 in
840 3980 901 4036 quet
912 3976 999 4037 places
1010 3976 1052 4024 the
1063 3975 1133 4038 siege
1144 3976 1174 4026 ol
1183 3977 1304 4030 charues

352 4045 413 4107 this,
432 4046 482 4095 and
501 4045 536 4105 by
546 4044 589 4093 the
608 4046 669 4094 Sax.
681 4044 814 4094 Chromin
840 4046 942 4104 in911;
962 4046 1107 4106 inesse

353 4115 395 4165 the
406 4117 525 4177 previous
535 4128 606 4175 year.
875 4137 886 4170 ς
899 4137 1066 4202 Amasim]
1084 4139 1128 4188 ,he
1146 4140 1226 4192 third·
1263 4143 1304 4192 Ηθ

388 4206 399 4236 ²
414 4211 504 4257 Eoden
527 4213 638 4271 tempore.
650 4207 662 4271 ]
691 4209 815 4270 Compare
839 4208 900 4257 died
910 4209 937 4256 in
947 4208 1060 4257 October
1069 4210 1129 4258 91³.
