<?xml version="1.0" encoding="UTF-8"?>
<!DOCTYPE html PUBLIC "-//W3C//DTD XHTML 1.0 Transitional//EN"
    "http://www.w3.org/TR/xhtml1/DTD/xhtml1-transitional.dtd">
<html xmlns="http://www.w3.org/1999/xhtml" xml:lang="en" lang="en">
 <head>
  <title>
</title>
<meta http-equiv="Content-Type" content="text/html;charset=utf-8" />
  <meta name='ocr-system' content='tesseract 3.04.00' />
  <meta name='ocr-capabilities' content='ocr_page ocr_carea ocr_par ocr_line ocrx_word'/>
</head>
<body>
  <div class='ocr_page' id='page_1' title='image "./rogeridewendove05rogegoog_0525.png"; bbox 0 0 3000 5004; ppageno 0'>
   <div class='ocr_carea' id='block_1_1' title="bbox 344 463 1044 528">
    <p class='ocr_par' dir='ltr' id='par_1_1' title="bbox 344 463 1044 528">
     <span class='ocr_line' id='line_1_1' title="bbox 344 463 1044 528; baseline -0.006 0"><span class='ocrx_word' id='word_1_1' title='bbox 344 463 411 528; x_wconf 81' lang='grc'><strong>480</strong></span> <span class='ocrx_word' id='word_1_2' title='bbox 607 478 743 525; x_wconf 74' lang='lat' dir='ltr'><strong>nocant</strong></span> <span class='ocrx_word' id='word_1_3' title='bbox 767 477 814 524; x_wconf 81' lang='lat' dir='ltr'><strong>on</strong></span> <span class='ocrx_word' id='word_1_4' title='bbox 838 476 1044 526; x_wconf 80' lang='lat' dir='ltr'><strong>wunoovaa</strong></span> 
     </span>
    </p>
   </div>
   <div class='ocr_carea' id='block_1_2' title="bbox 348 629 1377 3376">
    <p class='ocr_par' dir='ltr' id='par_1_2' title="bbox 348 629 1377 3376">
     <span class='ocr_line' id='line_1_2' title="bbox 348 629 1304 717; baseline -0.005 -16"><span class='ocrx_word' id='word_1_5' title='bbox 348 637 459 714; x_wconf 91' lang='lat' dir='ltr'><strong>tiosis,</strong></span> <span class='ocrx_word' id='word_1_6' title='bbox 485 635 536 699; x_wconf 86' lang='lat' dir='ltr'><strong>ita</strong></span> <span class='ocrx_word' id='word_1_7' title='bbox 560 635 767 712; x_wconf 87' lang='lat' dir='ltr'><strong>effuderunt,</strong></span> <span class='ocrx_word' id='word_1_8' title='bbox 796 635 889 717; x_wconf 93' lang='lat' dir='ltr'><strong>quod</strong></span> <span class='ocrx_word' id='word_1_9' title='bbox 918 652 1030 716; x_wconf 92' lang='lat' dir='ltr'><strong>usque</strong></span> <span class='ocrx_word' id='word_1_10' title='bbox 1061 633 1097 694; x_wconf 90' lang='lat' dir='ltr'><strong>in</strong></span> <span class='ocrx_word' id='word_1_11' title='bbox 1123 629 1218 695; x_wconf 90' lang='lat' dir='ltr'><strong>diem</strong></span> <span class='ocrx_word' id='word_1_12' title='bbox 1243 631 1304 696; x_wconf 93' lang='lat' dir='ltr'><strong>bo·</strong></span> 
     </span>
     <span class='ocr_line' id='line_1_3' title="bbox 348 731 1305 811; baseline -0.005 -12"><span class='ocrx_word' id='word_1_13' title='bbox 348 737 504 799; x_wconf 89' lang='lat' dir='ltr'><strong>diernum</strong></span> <span class='ocrx_word' id='word_1_14' title='bbox 529 736 565 798; x_wconf 93' lang='lat' dir='ltr'><strong>in</strong></span> <span class='ocrx_word' id='word_1_15' title='bbox 592 735 774 811; x_wconf 82' lang='lat' dir='ltr'><strong>conviviis,</strong></span> <span class='ocrx_word' id='word_1_16' title='bbox 797 734 951 798; x_wconf 83' lang='lat' dir='ltr'>tabernis</span> <span class='ocrx_word' id='word_1_17' title='bbox 972 741 1008 797; x_wconf 90' lang='lat' dir='ltr'><strong>et</strong></span> <span class='ocrx_word' id='word_1_18' title='bbox 1023 731 1101 796; x_wconf 88' lang='lat' dir='ltr'><strong>aliis</strong></span> <span class='ocrx_word' id='word_1_19' title='bbox 1126 731 1305 795; x_wconf 90' lang='lat' dir='ltr'><strong>bominum</strong></span> 
     </span>
     <span class='ocr_line' id='line_1_4' title="bbox 349 831 1301 912; baseline -0.003 -14"><span class='ocrx_word' id='word_1_20' title='bbox 349 835 612 912; x_wconf 83' lang='lat' dir='ltr'>conventiculis,</span> <span class='ocrx_word' id='word_1_21' title='bbox 630 834 815 898; x_wconf 84' lang='lat' dir='ltr'><strong>histriones</strong></span> <span class='ocrx_word' id='word_1_22' title='bbox 840 842 876 897; x_wconf 90' lang='lat' dir='ltr'><strong>et</strong></span> <span class='ocrx_word' id='word_1_23' title='bbox 889 834 1002 896; x_wconf 86' lang='lat' dir='ltr'><strong>mimae</strong></span> <span class='ocrx_word' id='word_1_24' title='bbox 1019 831 1178 895; x_wconf 87' lang='lat' dir='ltr'><strong>fidicines</strong></span> <span class='ocrx_word' id='word_1_25' title='bbox 1195 840 1233 895; x_wconf 90' lang='lat' dir='ltr'><strong>et</strong></span> <span class='ocrx_word' id='word_1_26' title='bbox 1254 833 1301 895; x_wconf 84' lang='lat' dir='ltr'><strong>in·</strong></span> 
     </span>
     <span class='ocr_line' id='line_1_5' title="bbox 349 931 1305 1012; baseline -0.005 -14"><span class='ocrx_word' id='word_1_27' title='bbox 349 936 551 998; x_wconf 89' lang='lat' dir='ltr'><strong>strumentis</strong></span> <span class='ocrx_word' id='word_1_28' title='bbox 573 943 610 998; x_wconf 91' lang='lat' dir='ltr'><strong>et</strong></span> <span class='ocrx_word' id='word_1_29' title='bbox 625 935 769 998; x_wconf 89' lang='lat' dir='ltr'><strong>canticis</strong></span> <span class='ocrx_word' id='word_1_30' title='bbox 786 933 876 996; x_wconf 91' lang='lat' dir='ltr'><strong>hanc</strong></span> <span class='ocrx_word' id='word_1_31' title='bbox 894 932 1110 996; x_wconf 81' lang='lat' dir='ltr'><strong>nobilitatem</strong></span> <span class='ocrx_word' id='word_1_32' title='bbox 1126 931 1235 1012; x_wconf 84' lang='lat' dir='ltr'><strong>digne</strong></span> <span class='ocrx_word' id='word_1_33' title='bbox 1257 931 1305 994; x_wconf 85' lang='lat' dir='ltr'><strong>ef-</strong></span> 
     </span>
     <span class='ocr_line' id='line_1_6' title="bbox 349 1031 1305 1114; baseline -0.003 -19"><span class='ocrx_word' id='word_1_34' title='bbox 349 1033 438 1097; x_wconf 82' lang='lat' dir='ltr'><strong>ferre</strong></span> <span class='ocrx_word' id='word_1_35' title='bbox 455 1054 524 1098; x_wconf 92' lang='lat' dir='ltr'><strong>non</strong></span> <span class='ocrx_word' id='word_1_36' title='bbox 538 1032 713 1098; x_wconf 90' lang='lat' dir='ltr'><strong>sufficiunt</strong></span> <span class='ocrx_word' id='word_1_37' title='bbox 725 1033 926 1114; x_wconf 81' lang='lat' dir='ltr'><strong>nuptialem.</strong></span> <span class='ocrx_word' id='word_1_38' title='bbox 959 1031 1064 1095; x_wconf 88' lang='lat' dir='ltr'><strong>Stetit</strong></span> <span class='ocrx_word' id='word_1_39' title='bbox 1080 1037 1197 1093; x_wconf 89' lang='lat' dir='ltr'><strong>autem</strong></span> <span class='ocrx_word' id='word_1_40' title='bbox 1215 1032 1305 1094; x_wconf 83' lang='lat' dir='ltr'><strong>iuter</strong></span> 
     </span>
     <span class='ocr_line' id='line_1_7' title="bbox 349 1129 1301 1216; baseline -0.002 -21"><span class='ocrx_word' id='word_1_41' title='bbox 349 1152 409 1197; x_wconf 88' lang='lat' dir='ltr'><strong>eos</strong></span> <span class='ocrx_word' id='word_1_42' title='bbox 426 1134 534 1197; x_wconf 92' lang='lat' dir='ltr'><strong>multo</strong></span> <span class='ocrx_word' id='word_1_43' title='bbox 551 1141 705 1216; x_wconf 88' lang='lat' dir='ltr'><strong>tempore</strong></span> <span class='ocrx_word' id='word_1_44' title='bbox 721 1132 835 1196; x_wconf 84' lang='lat' dir='ltr'><strong>foedus</strong></span> <span class='ocrx_word' id='word_1_45' title='bbox 857 1131 1041 1215; x_wconf 87' lang='lat' dir='ltr'><strong>conjugale</strong></span> <span class='ocrx_word' id='word_1_46' title='bbox 1059 1129 1223 1206; x_wconf 86' lang='lat' dir='ltr'><strong>illaesum,</strong></span> <span class='ocrx_word' id='word_1_47' title='bbox 1243 1129 1301 1193; x_wconf 91' lang='lat' dir='ltr'><strong>sed</strong></span> 
     </span>
     <span class='ocr_line' id='line_1_8' title="bbox 349 1229 1301 1311; baseline -0.001 -17"><span class='ocrx_word' id='word_1_48' title='bbox 349 1232 548 1309; x_wconf 88' lang='lat' dir='ltr'><strong>novissime,</strong></span> <span class='ocrx_word' id='word_1_49' title='bbox 579 1252 601 1296; x_wconf 91' lang='lat' dir='ltr'><strong>a</strong></span> <span class='ocrx_word' id='word_1_50' title='bbox 632 1232 898 1296; x_wconf 82' lang='lat' dir='ltr'><strong>seminatoribus</strong></span> <span class='ocrx_word' id='word_1_51' title='bbox 927 1229 1120 1306; x_wconf 72' lang='lat' dir='ltr'><strong>discordiae,</strong></span> <span class='ocrx_word' id='word_1_52' title='bbox 1151 1231 1301 1311; x_wconf 86' lang='lat' dir='ltr'><strong>impera·</strong></span> 
     </span>
     <span class='ocr_line' id='line_1_9' title="bbox 350 1327 1301 1413; baseline -0.002 -20"><span class='ocrx_word' id='word_1_53' title='bbox 350 1332 418 1394; x_wconf 84' lang='lat' dir='ltr'><strong>trix</strong></span> <span class='ocrx_word' id='word_1_54' title='bbox 447 1331 537 1413; x_wconf 91' lang='lat' dir='ltr'><strong>apud</strong></span> <span class='ocrx_word' id='word_1_55' title='bbox 565 1332 807 1413; x_wconf 83' lang='lat' dir='ltr'><strong>imperatorem</strong></span> <span class='ocrx_word' id='word_1_56' title='bbox 828 1330 894 1393; x_wconf 87' lang='lat' dir='ltr'><strong>fuit</strong></span> <span class='ocrx_word' id='word_1_57' title='bbox 915 1329 1076 1392; x_wconf 90' lang='lat' dir='ltr'><strong>adulterii</strong></span> <span class='ocrx_word' id='word_1_58' title='bbox 1100 1327 1301 1406; x_wconf 84' lang='lat' dir='ltr'><strong>diffamata;</strong></span> 
     </span>
     <span class='ocr_line' id='line_1_10' title="bbox 349 1428 1303 1514; baseline -0.004 -20"><span class='ocrx_word' id='word_1_59' title='bbox 349 1432 533 1512; x_wconf 85' lang='lat' dir='ltr'><strong>oportebat</strong></span> <span class='ocrx_word' id='word_1_60' title='bbox 548 1450 632 1511; x_wconf 86' lang='lat' dir='ltr'><strong>ergo</strong></span> <span class='ocrx_word' id='word_1_61' title='bbox 646 1431 753 1514; x_wconf 82' lang='lat' dir='ltr'><strong>juxta</strong></span> <span class='ocrx_word' id='word_1_62' title='bbox 776 1429 1057 1494; x_wconf 89' lang='lat' dir='ltr'><strong>cousuetudinem</strong></span> <span class='ocrx_word' id='word_1_63' title='bbox 1076 1428 1243 1509; x_wconf 84' lang='lat' dir='ltr'><strong>regionis,</strong></span> <span class='ocrx_word' id='word_1_64' title='bbox 1266 1436 1303 1491; x_wconf 91' lang='lat' dir='ltr'><strong>ut</strong></span> 
     </span>
     <span class='ocr_line' id='line_1_11' title="bbox 351 1523 1303 1612; baseline -0.002 -20"><span class='ocrx_word' id='word_1_65' title='bbox 351 1527 505 1593; x_wconf 89' lang='lat' dir='ltr'><strong>Gunilda</strong></span> <span class='ocrx_word' id='word_1_66' title='bbox 536 1549 598 1612; x_wconf 90' lang='lat' dir='ltr'><strong>per</strong></span> <span class='ocrx_word' id='word_1_67' title='bbox 620 1529 784 1605; x_wconf 89' lang='lat' dir='ltr'><strong>duellum,</strong></span> <span class='ocrx_word' id='word_1_68' title='bbox 811 1523 951 1593; x_wconf 88' lang='lat' dir='ltr'><strong>¹contra</strong></span> <span class='ocrx_word' id='word_1_69' title='bbox 974 1535 1228 1604; x_wconf 85' lang='lat' dir='ltr'><strong>accusatorem,</strong></span> <span class='ocrx_word' id='word_1_70' title='bbox 1251 1528 1303 1608; x_wconf 88' lang='lat' dir='ltr'><strong>gi·</strong></span> 
     </span>
     <span class='ocr_line' id='line_1_12' title="bbox 350 1627 1304 1709; baseline -0.001 -18"><span class='ocrx_word' id='word_1_71' title='bbox 350 1637 488 1709; x_wconf 83' lang='lat' dir='ltr'><strong>ganteae</strong></span> <span class='ocrx_word' id='word_1_72' title='bbox 512 1630 755 1693; x_wconf 84' lang='lat' dir='ltr'><strong>immensitatis</strong></span> <span class='ocrx_word' id='word_1_73' title='bbox 774 1628 957 1704; x_wconf 92' lang='lat' dir='ltr'><strong>hominem,</strong></span> <span class='ocrx_word' id='word_1_74' title='bbox 985 1627 1113 1691; x_wconf 86' lang='lat' dir='ltr'><strong>famam</strong></span> <span class='ocrx_word' id='word_1_75' title='bbox 1137 1647 1212 1690; x_wconf 85' lang='lat' dir='ltr'><strong>suae</strong></span> <span class='ocrx_word' id='word_1_76' title='bbox 1240 1647 1304 1709; x_wconf 91' lang='lat' dir='ltr'><strong>pu·</strong></span> 
     </span>
     <span class='ocr_line' id='line_1_13' title="bbox 351 1719 1377 1804; baseline -0.001 -15"><span class='ocrx_word' id='word_1_77' title='bbox 351 1728 465 1790; x_wconf 90' lang='lat' dir='ltr'><strong>ritatis</strong></span> <span class='ocrx_word' id='word_1_78' title='bbox 491 1727 684 1804; x_wconf 75' lang='lat' dir='ltr'><strong>redimeret</strong></span> <span class='ocrx_word' id='word_1_79' title='bbox 717 1728 776 1792; x_wconf 88' lang='lat' dir='ltr'><strong>sed</strong></span> <span class='ocrx_word' id='word_1_80' title='bbox 803 1747 848 1791; x_wconf 83' lang='lat' dir='ltr'><strong>ex</strong></span> <span class='ocrx_word' id='word_1_81' title='bbox 869 1727 1029 1791; x_wconf 90' lang='lat' dir='ltr'><strong>omnibus</strong></span> <span class='ocrx_word' id='word_1_82' title='bbox 1057 1726 1226 1790; x_wconf 83' lang='lat' dir='ltr'><strong>militibus</strong></span> <span class='ocrx_word' id='word_1_83' title='bbox 1250 1725 1304 1790; x_wconf 87' lang='lat' dir='ltr'><strong>vel</strong></span> <span class='ocrx_word' id='word_1_84' title='bbox 1372 1719 1377 1725; x_wconf 79' lang='grc'><strong>’</strong></span> 
     </span>
     <span class='ocr_line' id='line_1_14' title="bbox 350 1825 1302 1908; baseline 0.003 -22"><span class='ocrx_word' id='word_1_85' title='bbox 350 1826 529 1903; x_wconf 89' lang='lat' dir='ltr'><strong>ministris,</strong></span> <span class='ocrx_word' id='word_1_86' title='bbox 554 1828 711 1908; x_wconf 91' lang='lat' dir='ltr'><strong>quicum</strong></span> <span class='ocrx_word' id='word_1_87' title='bbox 733 1827 794 1890; x_wconf 90' lang='lat' dir='ltr'><strong>illa</strong></span> <span class='ocrx_word' id='word_1_88' title='bbox 817 1829 861 1891; x_wconf 89' lang='lat' dir='ltr'><strong>ab</strong></span> <span class='ocrx_word' id='word_1_89' title='bbox 879 1825 1010 1908; x_wconf 84' lang='lat' dir='ltr'><strong>Anglia</strong></span> <span class='ocrx_word' id='word_1_90' title='bbox 1035 1834 1216 1902; x_wconf 86' lang='lat' dir='ltr'><strong>venerant,</strong></span> <span class='ocrx_word' id='word_1_91' title='bbox 1239 1844 1302 1889; x_wconf 88' lang='lat' dir='ltr'><strong>nec</strong></span> 
     </span>
     <span class='ocr_line' id='line_1_15' title="bbox 351 1924 1302 2009; baseline 0.002 -24"><span class='ocrx_word' id='word_1_92' title='bbox 351 1943 440 1986; x_wconf 90' lang='lat' dir='ltr'><strong>unus</strong></span> <span class='ocrx_word' id='word_1_93' title='bbox 463 1925 626 1988; x_wconf 90' lang='lat' dir='ltr'><strong>inventus</strong></span> <span class='ocrx_word' id='word_1_94' title='bbox 644 1934 709 2002; x_wconf 91' lang='lat' dir='ltr'><strong>est,</strong></span> <span class='ocrx_word' id='word_1_95' title='bbox 734 1927 805 2009; x_wconf 89' lang='lat' dir='ltr'><strong>qui,</strong></span> <span class='ocrx_word' id='word_1_96' title='bbox 821 1933 963 2007; x_wconf 90' lang='lat' dir='ltr'><strong>propter</strong></span> <span class='ocrx_word' id='word_1_97' title='bbox 982 1924 1188 1987; x_wconf 89' lang='lat' dir='ltr'><strong>horrendam</strong></span> <span class='ocrx_word' id='word_1_98' title='bbox 1210 1924 1302 1987; x_wconf 89' lang='lat' dir='ltr'><strong>illius</strong></span> 
     </span>
     <span class='ocr_line' id='line_1_16' title="bbox 351 2023 1300 2106; baseline 0 -20"><span class='ocrx_word' id='word_1_99' title='bbox 351 2025 505 2106; x_wconf 87' lang='lat' dir='ltr'><strong>corporis</strong></span> <span class='ocrx_word' id='word_1_100' title='bbox 515 2025 793 2102; x_wconf 89' lang='lat' dir='ltr'><strong>immensitatem,</strong></span> <span class='ocrx_word' id='word_1_101' title='bbox 802 2024 965 2106; x_wconf 90' lang='lat' dir='ltr'><strong>congredi</strong></span> <span class='ocrx_word' id='word_1_102' title='bbox 975 2043 1051 2086; x_wconf 91' lang='lat' dir='ltr'><strong>oum</strong></span> <span class='ocrx_word' id='word_1_103' title='bbox 1061 2024 1138 2105; x_wconf 91' lang='lat' dir='ltr'><strong>ipso</strong></span> <span class='ocrx_word' id='word_1_104' title='bbox 1149 2023 1300 2087; x_wconf 89' lang='lat' dir='ltr'><strong>auderet.</strong></span> 
     </span>
     <span class='ocr_line' id='line_1_17' title="bbox 352 2122 1302 2205; baseline -0.001 -19"><span class='ocrx_word' id='word_1_105' title='bbox 352 2123 420 2186; x_wconf 92' lang='lat' dir='ltr'><strong>Sed</strong></span> <span class='ocrx_word' id='word_1_106' title='bbox 436 2143 513 2186; x_wconf 90' lang='lat' dir='ltr'><strong>cum</strong></span> <span class='ocrx_word' id='word_1_107' title='bbox 529 2122 692 2187; x_wconf 87' lang='lat' dir='ltr'><strong>Gunildae</strong></span> <span class='ocrx_word' id='word_1_108' title='bbox 706 2125 878 2205; x_wconf 79' lang='lat' dir='ltr'><strong>angustiae</strong></span> <span class='ocrx_word' id='word_1_109' title='bbox 901 2130 1017 2186; x_wconf 89' lang='lat' dir='ltr'><strong>essent</strong></span> <span class='ocrx_word' id='word_1_110' title='bbox 1034 2122 1200 2205; x_wconf 90' lang='lat' dir='ltr'><strong>undique,</strong></span> <span class='ocrx_word' id='word_1_111' title='bbox 1217 2143 1302 2205; x_wconf 92' lang='lat' dir='ltr'><strong>puer</strong></span> 
     </span>
     <span class='ocr_line' id='line_1_18' title="bbox 352 2221 1303 2306; baseline -0.001 -21"><span class='ocrx_word' id='word_1_112' title='bbox 352 2222 505 2304; x_wconf 90' lang='lat' dir='ltr'><strong>quidam,</strong></span> <span class='ocrx_word' id='word_1_113' title='bbox 517 2244 618 2306; x_wconf 88' lang='lat' dir='ltr'><strong>quern</strong></span> <span class='ocrx_word' id='word_1_114' title='bbox 635 2225 679 2286; x_wconf 91' lang='lat' dir='ltr'><strong>ab</strong></span> <span class='ocrx_word' id='word_1_115' title='bbox 692 2222 823 2304; x_wconf 83' lang='lat' dir='ltr'><strong>Anglia</strong></span> <span class='ocrx_word' id='word_1_116' title='bbox 836 2223 1031 2287; x_wconf 87' lang='lat' dir='ltr'><strong>adduxerat</strong></span> <span class='ocrx_word' id='word_1_117' title='bbox 1047 2229 1083 2286; x_wconf 90' lang='lat' dir='ltr'><strong>et</strong></span> <span class='ocrx_word' id='word_1_118' title='bbox 1097 2223 1133 2285; x_wconf 92' lang='lat' dir='ltr'><strong>in</strong></span> <span class='ocrx_word' id='word_1_119' title='bbox 1150 2242 1216 2286; x_wconf 92' lang='lat' dir='ltr'><strong>suo</strong></span> <span class='ocrx_word' id='word_1_120' title='bbox 1228 2221 1303 2286; x_wconf 90' lang='lat' dir='ltr'><strong>tha-</strong></span> 
     </span>
     <span class='ocr_line' id='line_1_19' title="bbox 351 2321 1304 2404; baseline -0.002 -20"><span class='ocrx_word' id='word_1_121' title='bbox 351 2321 444 2386; x_wconf 91' lang='lat' dir='ltr'><strong>lamo</strong></span> <span class='ocrx_word' id='word_1_122' title='bbox 467 2323 687 2399; x_wconf 87' lang='lat' dir='ltr'><strong>educaverat,</strong></span> <span class='ocrx_word' id='word_1_123' title='bbox 702 2323 774 2404; x_wconf 92' lang='lat' dir='ltr'><strong>qui,</strong></span> <span class='ocrx_word' id='word_1_124' title='bbox 792 2323 875 2404; x_wconf 89' lang='lat' dir='ltr'><strong>quia</strong></span> <span class='ocrx_word' id='word_1_125' title='bbox 893 2341 1004 2384; x_wconf 88' lang='lat' dir='ltr'><strong>nanus</strong></span> <span class='ocrx_word' id='word_1_126' title='bbox 1021 2329 1096 2385; x_wconf 89' lang='lat' dir='ltr'><strong>erat</strong></span> <span class='ocrx_word' id='word_1_127' title='bbox 1112 2329 1148 2385; x_wconf 92' lang='lat' dir='ltr'><strong>et</strong></span> <span class='ocrx_word' id='word_1_128' title='bbox 1162 2329 1304 2403; x_wconf 90' lang='lat' dir='ltr'><strong>propter</strong></span> 
     </span>
     <span class='ocr_line' id='line_1_20' title="bbox 352 2420 1302 2503; baseline -0.002 -19"><span class='ocrx_word' id='word_1_129' title='bbox 352 2420 505 2503; x_wconf 89' lang='lat' dir='ltr'><strong>corporis</strong></span> <span class='ocrx_word' id='word_1_130' title='bbox 522 2424 742 2503; x_wconf 84' lang='lat' dir='ltr'><strong>parvitatem,</strong></span> <span class='ocrx_word' id='word_1_131' title='bbox 758 2421 931 2484; x_wconf 90' lang='lat' dir='ltr'><strong>Mimecan</strong></span> <span class='ocrx_word' id='word_1_132' title='bbox 943 2420 1133 2496; x_wconf 87' lang='lat' dir='ltr'><strong>dicebatur,</strong></span> <span class='ocrx_word' id='word_1_133' title='bbox 1152 2421 1302 2484; x_wconf 91' lang='lat' dir='ltr'><strong>duellum</strong></span> 
     </span>
     <span class='ocr_line' id='line_1_21' title="bbox 352 2520 1304 2604; baseline 0.002 -23"><span class='ocrx_word' id='word_1_134' title='bbox 352 2538 415 2600; x_wconf 90' lang='lat' dir='ltr'><strong>pro</strong></span> <span class='ocrx_word' id='word_1_135' title='bbox 433 2520 583 2596; x_wconf 92' lang='lat' dir='ltr'><strong>domina,</strong></span> <span class='ocrx_word' id='word_1_136' title='bbox 601 2521 700 2604; x_wconf 88' lang='lat' dir='ltr'><strong>cujus</strong></span> <span class='ocrx_word' id='word_1_137' title='bbox 723 2521 906 2602; x_wconf 91' lang='lat' dir='ltr'><strong>puritatem</strong></span> <span class='ocrx_word' id='word_1_138' title='bbox 923 2528 1079 2596; x_wconf 85' lang='lat' dir='ltr'><strong>noverat,</strong></span> <span class='ocrx_word' id='word_1_139' title='bbox 1094 2521 1248 2602; x_wconf 85' lang='lat' dir='ltr'><strong>suscepit</strong></span> <span class='ocrx_word' id='word_1_140' title='bbox 1270 2528 1304 2583; x_wconf 91' lang='lat' dir='ltr'><strong>et</strong></span> 
     </span>
     <span class='ocr_line' id='line_1_22' title="bbox 352 2619 1301 2703; baseline 0.002 -24"><span class='ocrx_word' id='word_1_141' title='bbox 352 2625 511 2680; x_wconf 88' lang='lat' dir='ltr'><strong>conserto</strong></span> <span class='ocrx_word' id='word_1_142' title='bbox 543 2639 620 2681; x_wconf 86' lang='lat' dir='ltr'><strong>curn</strong></span> <span class='ocrx_word' id='word_1_143' title='bbox 652 2621 794 2701; x_wconf 82' lang='lat' dir='ltr'><strong>gigante</strong></span> <span class='ocrx_word' id='word_1_144' title='bbox 820 2619 952 2701; x_wconf 68' lang='lat' dir='ltr'><strong>praelia</strong></span> <span class='ocrx_word' id='word_1_145' title='bbox 984 2639 1046 2700; x_wconf 90' lang='lat' dir='ltr'><strong>per</strong></span> <span class='ocrx_word' id='word_1_146' title='bbox 1066 2620 1203 2703; x_wconf 89' lang='lat' dir='ltr'><strong>justum</strong></span> <span class='ocrx_word' id='word_1_147' title='bbox 1235 2620 1301 2682; x_wconf 90' lang='lat' dir='ltr'><strong>Dei</strong></span> 
     </span>
     <span class='ocr_line' id='line_1_23' title="bbox 348 2714 1301 2801; baseline 0.004 -24"><span class='ocrx_word' id='word_1_148' title='bbox 348 2714 517 2799; x_wconf 88' lang='lat' dir='ltr'><strong>judicium</strong></span> <span class='ocrx_word' id='word_1_149' title='bbox 532 2719 677 2798; x_wconf 86' lang='lat' dir='ltr'><strong>praeciso</strong></span> <span class='ocrx_word' id='word_1_150' title='bbox 693 2718 823 2801; x_wconf 90' lang='lat' dir='ltr'><strong>poplite</strong></span> <span class='ocrx_word' id='word_1_151' title='bbox 849 2719 954 2794; x_wconf 92' lang='lat' dir='ltr'><strong>illius,</strong></span> <span class='ocrx_word' id='word_1_152' title='bbox 971 2718 1083 2799; x_wconf 90' lang='lat' dir='ltr'><strong>ipsum</strong></span> <span class='ocrx_word' id='word_1_153' title='bbox 1102 2720 1301 2794; x_wconf 89' lang='lat' dir='ltr'><strong>enervavit;</strong></span> 
     </span>
     <span class='ocr_line' id='line_1_24' title="bbox 353 2816 1301 2900; baseline 0.002 -24"><span class='ocrx_word' id='word_1_154' title='bbox 353 2834 422 2895; x_wconf 91' lang='lat' dir='ltr'><strong>quo</strong></span> <span class='ocrx_word' id='word_1_155' title='bbox 439 2824 561 2878; x_wconf 91' lang='lat' dir='ltr'><strong>ruente</strong></span> <span class='ocrx_word' id='word_1_156' title='bbox 578 2816 613 2878; x_wconf 93' lang='lat' dir='ltr'><strong>in</strong></span> <span class='ocrx_word' id='word_1_157' title='bbox 628 2824 767 2894; x_wconf 89' lang='lat' dir='ltr'><strong>terram,</strong></span> <span class='ocrx_word' id='word_1_158' title='bbox 779 2817 1017 2881; x_wconf 89' lang='lat' dir='ltr'><strong>Mimecannus</strong></span> <span class='ocrx_word' id='word_1_159' title='bbox 1029 2826 1136 2900; x_wconf 91' lang='lat' dir='ltr'><strong>caput</strong></span> <span class='ocrx_word' id='word_1_160' title='bbox 1149 2818 1301 2899; x_wconf 83' lang='lat' dir='ltr'><strong>gigantis</strong></span> 
     </span>
     <span class='ocr_line' id='line_1_25' title="bbox 353 2915 1301 2998; baseline 0.004 -22"><span class='ocrx_word' id='word_1_161' title='bbox 353 2923 569 2996; x_wconf 91' lang='lat' dir='ltr'><strong>amputatum</strong></span> <span class='ocrx_word' id='word_1_162' title='bbox 584 2915 732 2979; x_wconf 87' lang='lat' dir='ltr'><strong>dominae</strong></span> <span class='ocrx_word' id='word_1_163' title='bbox 748 2936 820 2979; x_wconf 84' lang='lat' dir='ltr'><strong>suae</strong></span> <span class='ocrx_word' id='word_1_164' title='bbox 835 2917 920 2979; x_wconf 94' lang='lat' dir='ltr'><strong>illud</strong></span> <span class='ocrx_word' id='word_1_165' title='bbox 936 2917 1174 2998; x_wconf 83' lang='lat' dir='ltr'><strong>praesentavit.</strong></span> <span class='ocrx_word' id='word_1_166' title='bbox 1203 2916 1301 2980; x_wconf 81' lang='lat' dir='ltr'><strong>Tunc</strong></span> 
     </span>
     <span class='ocr_line' id='line_1_26' title="bbox 352 3012 1302 3097; baseline 0.002 -21"><span class='ocrx_word' id='word_1_167' title='bbox 352 3012 569 3095; x_wconf 82' lang='lat' dir='ltr'><strong>imperatrix,</strong></span> <span class='ocrx_word' id='word_1_168' title='bbox 584 3017 814 3097; x_wconf 84' lang='lat' dir='ltr'><strong>exinsperato</strong></span> <span class='ocrx_word' id='word_1_169' title='bbox 825 3017 948 3097; x_wconf 87' lang='lat' dir='ltr'><strong>gavisa</strong></span> <span class='ocrx_word' id='word_1_170' title='bbox 957 3016 1144 3097; x_wconf 89' lang='lat' dir='ltr'><strong>triumpho,</strong></span> <span class='ocrx_word' id='word_1_171' title='bbox 1153 3017 1302 3097; x_wconf 86' lang='lat' dir='ltr'><strong>impera-</strong></span> 
     </span>
     <span class='ocr_line' id='line_1_27' title="bbox 353 3114 1301 3197; baseline 0.002 -21"><span class='ocrx_word' id='word_1_172' title='bbox 353 3114 421 3176; x_wconf 92' lang='lat' dir='ltr'><strong>tori</strong></span> <span class='ocrx_word' id='word_1_173' title='bbox 450 3114 629 3195; x_wconf 91' lang='lat' dir='ltr'><strong>repudium</strong></span> <span class='ocrx_word' id='word_1_174' title='bbox 651 3116 743 3190; x_wconf 86' lang='lat' dir='ltr'><strong>fecit,</strong></span> <span class='ocrx_word' id='word_1_175' title='bbox 761 3134 824 3178; x_wconf 90' lang='lat' dir='ltr'><strong>nec</strong></span> <span class='ocrx_word' id='word_1_176' title='bbox 842 3115 935 3177; x_wconf 92' lang='lat' dir='ltr'><strong>ultra</strong></span> <span class='ocrx_word' id='word_1_177' title='bbox 953 3115 1055 3177; x_wconf 89' lang='lat' dir='ltr'><strong>minis</strong></span> <span class='ocrx_word' id='word_1_178' title='bbox 1071 3115 1161 3178; x_wconf 84' lang='lat' dir='ltr'><strong>vinci</strong></span> <span class='ocrx_word' id='word_1_179' title='bbox 1189 3116 1301 3197; x_wconf 89' lang='lat' dir='ltr'><strong>potuit</strong></span> 
     </span>
     <span class='ocr_line' id='line_1_28' title="bbox 353 3213 1303 3297; baseline 0.002 -22"><span class='ocrx_word' id='word_1_180' title='bbox 353 3221 414 3276; x_wconf 91' lang='lat' dir='ltr'><strong>aut</strong></span> <span class='ocrx_word' id='word_1_181' title='bbox 433 3213 620 3291; x_wconf 91' lang='lat' dir='ltr'><strong>blanditiis,</strong></span> <span class='ocrx_word' id='word_1_182' title='bbox 644 3222 684 3278; x_wconf 92' lang='lat' dir='ltr'><strong>ut</strong></span> <span class='ocrx_word' id='word_1_183' title='bbox 701 3220 814 3278; x_wconf 90' lang='lat' dir='ltr'><strong>torum</strong></span> <span class='ocrx_word' id='word_1_184' title='bbox 835 3214 911 3297; x_wconf 90' lang='lat' dir='ltr'><strong>ejus</strong></span> <span class='ocrx_word' id='word_1_185' title='bbox 935 3215 1120 3278; x_wconf 86' lang='lat' dir='ltr'><strong>ascendere</strong></span> <span class='ocrx_word' id='word_1_186' title='bbox 1142 3214 1303 3297; x_wconf 90' lang='lat' dir='ltr'><strong>deinceps</strong></span> 
     </span>
     <span class='ocr_line' id='line_1_29' title="bbox 353 3313 575 3376; baseline 0.014 -3"><span class='ocrx_word' id='word_1_187' title='bbox 353 3313 575 3376; x_wconf 87' lang='lat' dir='ltr'><strong>consentiret.</strong></span> 
     </span>
    </p>
   </div>
   <div class='ocr_carea' id='block_1_3' title="bbox 385 3485 1273 3570">
    <p class='ocr_par' dir='ltr' id='par_1_3' title="bbox 385 3485 1273 3570">
     <span class='ocr_line' id='line_1_30' title="bbox 385 3485 1273 3570; baseline 0 -22"><span class='ocrx_word' id='word_1_188' title='bbox 385 3485 435 3548; x_wconf 82' lang='lat' dir='ltr'><strong>Do</strong></span> <span class='ocrx_word' id='word_1_189' title='bbox 448 3487 622 3570; x_wconf 61' lang='lat' dir='ltr'><strong>griscopata</strong></span> <span class='ocrx_word' id='word_1_190' title='bbox 638 3485 764 3549; x_wconf 76' lang='lat' dir='ltr'><strong>cuidam</strong></span> <span class='ocrx_word' id='word_1_191' title='bbox 780 3488 890 3551; x_wconf 74' lang='lat' dir='ltr'><strong>clerico</strong></span> <span class='ocrx_word' id='word_1_192' title='bbox 900 3488 1137 3570; x_wconf 73' lang='lat' dir='ltr'><strong>parsimoniam</strong></span> <span class='ocrx_word' id='word_1_193' title='bbox 1154 3485 1273 3549; x_wconf 61' lang='lat' dir='ltr'><strong>eolasio.</strong></span> 
     </span>
    </p>
   </div>
   <div class='ocr_carea' id='block_1_4' title="bbox 353 3603 1304 3986">
    <p class='ocr_par' dir='ltr' id='par_1_4' title="bbox 353 3603 1304 3986">
     <span class='ocr_line' id='line_1_31' title="bbox 405 3603 1303 3692; baseline 0 -21"><span class='ocrx_word' id='word_1_194' title='bbox 405 3603 521 3673; x_wconf 83' lang='lat' dir='ltr'><strong>Idem²</strong></span> <span class='ocrx_word' id='word_1_195' title='bbox 539 3611 738 3692; x_wconf 89' lang='lat' dir='ltr'><strong>imperator,</strong></span> <span class='ocrx_word' id='word_1_196' title='bbox 757 3618 855 3691; x_wconf 87' lang='lat' dir='ltr'><strong>patre</strong></span> <span class='ocrx_word' id='word_1_197' title='bbox 872 3609 1034 3673; x_wconf 90' lang='lat' dir='ltr'><strong>Conrado</strong></span> <span class='ocrx_word' id='word_1_198' title='bbox 1052 3609 1164 3673; x_wconf 91' lang='lat' dir='ltr'><strong>adhuc</strong></span> <span class='ocrx_word' id='word_1_199' title='bbox 1182 3628 1303 3692; x_wconf 85' lang='lat' dir='ltr'><strong>super-</strong></span> 
     </span>
     <span class='ocr_line' id='line_1_32' title="bbox 353 3708 1304 3791; baseline 0.001 -21"><span class='ocrx_word' id='word_1_200' title='bbox 353 3708 447 3783; x_wconf 86' lang='lat' dir='ltr'><strong>stite,</strong></span> <span class='ocrx_word' id='word_1_201' title='bbox 478 3727 500 3770; x_wconf 95' lang='lat' dir='ltr'><strong>a</strong></span> <span class='ocrx_word' id='word_1_202' title='bbox 531 3708 656 3772; x_wconf 90' lang='lat' dir='ltr'><strong>clerieo</strong></span> <span class='ocrx_word' id='word_1_203' title='bbox 682 3708 832 3791; x_wconf 91' lang='lat' dir='ltr'><strong>quodam</strong></span> <span class='ocrx_word' id='word_1_204' title='bbox 857 3708 1009 3771; x_wconf 87' lang='lat' dir='ltr'><strong>fistulam</strong></span> <span class='ocrx_word' id='word_1_205' title='bbox 1038 3716 1240 3790; x_wconf 90' lang='lat' dir='ltr'><strong>argenteam</strong></span> <span class='ocrx_word' id='word_1_206' title='bbox 1263 3728 1304 3771; x_wconf 88' lang='lat' dir='ltr'><strong>eo</strong></span> 
     </span>
     <span class='ocr_line' id='line_1_33' title="bbox 353 3807 1304 3890; baseline 0.002 -23"><span class='ocrx_word' id='word_1_207' title='bbox 353 3815 552 3887; x_wconf 86' lang='lat' dir='ltr'><strong>susceperat</strong></span> <span class='ocrx_word' id='word_1_208' title='bbox 580 3816 694 3889; x_wconf 88' lang='lat' dir='ltr'><strong>pacto,</strong></span> <span class='ocrx_word' id='word_1_209' title='bbox 724 3816 774 3884; x_wconf 91' lang='lat' dir='ltr'><strong>ut,</strong></span> <span class='ocrx_word' id='word_1_210' title='bbox 799 3827 877 3871; x_wconf 92' lang='lat' dir='ltr'><strong>cum</strong></span> <span class='ocrx_word' id='word_1_211' title='bbox 909 3808 998 3871; x_wconf 90' lang='lat' dir='ltr'><strong>foret</strong></span> <span class='ocrx_word' id='word_1_212' title='bbox 1024 3809 1226 3890; x_wconf 89' lang='lat' dir='ltr'><strong>imperator,</strong></span> <span class='ocrx_word' id='word_1_213' title='bbox 1253 3807 1304 3870; x_wconf 92' lang='lat' dir='ltr'><strong>illi</strong></span> 
     </span>
     <span class='ocr_line' id='line_1_34' title="bbox 353 3904 1303 3986; baseline 0 -19"><span class='ocrx_word' id='word_1_214' title='bbox 353 3904 589 3986; x_wconf 90' lang='lat' dir='ltr'><strong>episcopatum</strong></span> <span class='ocrx_word' id='word_1_215' title='bbox 606 3906 776 3970; x_wconf 83' lang='lat' dir='ltr'><strong>conferret</strong></span> <span class='ocrx_word' id='word_1_216' title='bbox 790 3927 798 3985; x_wconf 92' lang='lat'>;</span> <span class='ocrx_word' id='word_1_217' title='bbox 822 3907 880 3969; x_wconf 95' lang='lat' dir='ltr'><strong>ille</strong></span> <span class='ocrx_word' id='word_1_218' title='bbox 895 3927 978 3970; x_wconf 86' lang='lat' dir='ltr'><strong>vero</strong></span> <span class='ocrx_word' id='word_1_219' title='bbox 994 3908 1134 3971; x_wconf 91' lang='lat' dir='ltr'><strong>tandem</strong></span> <span class='ocrx_word' id='word_1_220' title='bbox 1149 3907 1303 3982; x_wconf 91' lang='lat' dir='ltr'><strong>adultus,</strong></span> 
     </span>
    </p>
   </div>
   <div class='ocr_carea' id='block_1_5' title="bbox 351 4120 1307 4327">
    <p class='ocr_par' dir='ltr' id='par_1_5' title="bbox 351 4120 1307 4327">
     <span class='ocr_line' id='line_1_35' title="bbox 387 4120 1303 4187; baseline -0.001 -16"><span class='ocrx_word' id='word_1_221' title='bbox 387 4120 393 4149; x_wconf 84' lang='lat'>¹</span> <span class='ocrx_word' id='word_1_222' title='bbox 408 4125 499 4172; x_wconf 82' lang='lat' dir='ltr'><strong>Contra</strong></span> <span class='ocrx_word' id='word_1_223' title='bbox 507 4123 687 4186; x_wconf 61' lang='lat' dir='ltr'><strong>comatam]</strong></span> <span class='ocrx_word' id='word_1_224' title='bbox 697 4125 730 4184; x_wconf 85' lang='lat' dir='ltr'><strong>by</strong></span> <span class='ocrx_word' id='word_1_225' title='bbox 740 4139 812 4172; x_wconf 85' lang='lat' dir='ltr'><strong>name</strong></span> <span class='ocrx_word' id='word_1_226' title='bbox 874 4120 963 4171; x_wconf 77' lang='lat' dir='ltr'><strong>²ldem</strong></span> <span class='ocrx_word' id='word_1_227' title='bbox 975 4122 1126 4185; x_wconf 64' lang='lat' dir='ltr'><strong>imperator]</strong></span> <span class='ocrx_word' id='word_1_228' title='bbox 1142 4122 1196 4170; x_wconf 88' lang='lat' dir='ltr'><strong>Tbe</strong></span> <span class='ocrx_word' id='word_1_229' title='bbox 1212 4124 1303 4187; x_wconf 84' lang='lat' dir='ltr'><strong>legend</strong></span> 
     </span>
     <span class='ocr_line' id='line_1_36' title="bbox 351 4191 1307 4327; baseline 0.001 -86"><span class='ocrx_word' id='word_1_230' title='bbox 351 4193 490 4310; x_wconf 54' lang='grc' dir='ltr'><strong>ξέἀίιιςατ,</strong></span> <span class='ocrx_word' id='word_1_231' title='bbox 518 4192 653 4253; x_wconf 83' lang='lat' dir='ltr'><strong>according</strong></span> <span class='ocrx_word' id='word_1_232' title='bbox 675 4197 700 4241; x_wconf 86' lang='lat' dir='ltr'><strong>to</strong></span> <span class='ocrx_word' id='word_1_233' title='bbox 727 4194 814 4242; x_wconf 89' lang='lat' dir='ltr'><strong>Brom·</strong></span> <span class='ocrx_word' id='word_1_234' title='bbox 839 4193 1012 4327; x_wconf 48' lang='grc' dir='ltr'><strong>ῗέξπξηιςωίε</strong></span> <span class='ocrx_word' id='word_1_235' title='bbox 1029 4192 1104 4240; x_wconf 84' lang='lat' dir='ltr'><strong>taken</strong></span> <span class='ocrx_word' id='word_1_236' title='bbox 1117 4191 1179 4240; x_wconf 81' lang='lat' dir='ltr'><strong>from</strong></span> <span class='ocrx_word' id='word_1_237' title='bbox 1199 4192 1307 4242; x_wconf 84' lang='lat' dir='ltr'><strong>Mnlms-</strong></span> 
     </span>
     <span class='ocr_line' id='line_1_37' title="bbox 395 4295 1005 4324; baseline -0.008 -11"><span class='ocrx_word' id='word_1_238' title='bbox 395 4298 401 4313; x_wconf 86' lang='lat'>.</span> <span class='ocrx_word' id='word_1_239' title='bbox 907 4298 915 4324; x_wconf 92' lang='lat'><strong>,</strong></span> <span class='ocrx_word' id='word_1_240' title='bbox 999 4295 1005 4308; x_wconf 91' lang='lat'><strong>.</strong></span> 
     </span>
    </p>
   </div>
   <div class='ocr_carea' id='block_1_6' title="bbox 0 0 1509 5004">
    <p class='ocr_par' dir='ltr' id='par_1_6' title="bbox 0 0 1509 5004">
     <span class='ocr_line' id='line_1_38' title="bbox 0 0 1509 5004; baseline 0 0"><span class='ocrx_word' id='word_1_241' title='bbox 0 0 1509 5004; x_wconf 95' lang='lat' dir='ltr'><strong> </strong></span> 
     </span>
    </p>
   </div>
  </div>
 </body>
</html>
