3000 5004
190 965 294 1010 author

191 1016 301 1059 'rhum

206 4028 291 4070 Pmlon
301 4028 325 4068 ol

203 4080 223 4119 ⁸.
233 4078 352 4120 llsdmuud.

345 481 411 543 310
602 494 733 542 aocsar
758 494 806 540 na
827 491 1035 539 waunovaa

411 726 461 789 De
469 724 582 809 praelt'o
598 725 680 788 iuter
695 746 792 808 repens
808 721 1032 786 Eadmuadum
1046 731 1074 784 et
1090 721 1243 807 Hiayaar

739 822 902 886 commisso.

403 945 602 1010 Recedente
624 946 744 1029 itaque
767 946 888 1008 nuntio
903 944 1111 1020 truculento,
1131 964 1193 1007 rex
1208 945 1305 1007 Ead-

353 1044 502 1108 mundns
514 1046 623 1128 jussit
644 1045 894 1108 commilitones
917 1043 961 1106 ad
983 1062 1081 1107 arma
1105 1044 1306 1120 convolare,

354 1164 525 1222 asserens,
552 1145 695 1226 dignum
726 1164 791 1226 pro
824 1143 890 1206 fide
921 1144 1053 1224 pariter
1081 1161 1240 1225 pugnare
1270 1153 1308 1207 et

355 1244 481 1326 patria,
498 1263 542 1307 ne
567 1244 760 1307 desertores
782 1242 914 1305 militiae
937 1262 976 1306 se
997 1262 1074 1305 esse
1097 1249 1134 1305 et
1148 1242 1307 1323 depopu-

355 1343 485 1406 latores
500 1344 736 1425 probarentur.
789 1341 906 1421 Igitur
917 1341 961 1404 ad
972 1342 1176 1404 instantiam
1191 1340 1309 1403 Hum-

357 1443 447 1505 berti
472 1443 637 1524 episcopi,
660 1459 701 1504 ac
726 1440 890 1504 nobilium
905 1441 1057 1504 virorum
1083 1449 1119 1504 et
1139 1440 1309 1503 commili-

358 1549 479 1604 tonum
505 1560 659 1617 suorum,
682 1541 856 1603 animatus
877 1540 1096 1602 beatissimus
1126 1559 1191 1602 rex
1216 1539 1311 1602 Ead-

359 1639 521 1714 mundus,
543 1659 621 1703 cum
644 1646 720 1702 toto
741 1639 896 1702 exercitu
920 1658 1022 1721 quem
1049 1638 1175 1702 habere
1194 1640 1311 1720 potuit

359 1737 524 1801 audacter
538 1738 705 1819 processit
718 1739 754 1799 in
768 1737 897 1813 hostes,
906 1746 942 1801 et
951 1757 1019 1800 non
1035 1737 1139 1818 longe
1153 1738 1198 1801 ab
1208 1740 1307 1815 urbe,

360 1856 439 1917 quae
460 1829 630 1899 ¹Redford
647 1835 855 1917 appellatur,
872 1845 993 1900 contra
1011 1836 1228 1900 adversarios
1244 1838 1311 1900 sibi

360 1935 498 1998 obviam
514 1936 691 1998 venientes
709 1955 816 2016 grave
839 1944 1013 1998 certamen
1033 1954 1074 1998 ac
1092 1936 1193 1999 nimis
1211 1945 1309 1999 utro-

360 2035 464 2116 bique
477 2034 679 2098 damnosum
701 2035 884 2098 commisit.
930 2033 1065 2116 Nempe
1079 2054 1157 2098 cnm
1171 2054 1194 2099 a
1209 2054 1312 2099 mane

361 2133 429 2196 diei
454 2153 561 2216 usque
587 2133 631 2196 ad
649 2152 828 2215 vesperam
846 2141 967 2196 mutua
988 2153 1027 2196 se
1053 2153 1136 2197 nece
1155 2142 1311 2216 prostra-

361 2233 505 2310 vissent,
529 2242 566 2297 et
592 2252 655 2315 pro
680 2234 787 2296 nimia
808 2232 1066 2295 interfectorum
1089 2233 1312 2297 multitudine

362 2350 404 2394 ac
421 2333 592 2413 sanguine
607 2332 685 2395 loca
698 2331 898 2396 certaminis
913 2333 1124 2409 rubuissent,
1135 2332 1311 2414 piissimus

362 2449 426 2493 rex
454 2429 691 2507 Eadmundus,
713 2450 783 2494 non
806 2430 918 2492 solum
940 2450 985 2493 ex
999 2438 1119 2512 strage
1143 2431 1311 2494 commili-

364 2536 485 2590 tonum
516 2549 657 2593 suorum
687 2550 750 2611 pro
782 2530 909 2611 patria,
939 2537 1041 2610 gente
1071 2537 1108 2612 et
1133 2529 1199 2594 fide
1223 2529 1312 2594 Jesu

365 2626 495 2689 Christi
519 2628 780 2704 decertantium,
807 2648 896 2711 quos
918 2629 992 2711 jam
1018 2630 1184 2711 martyrio
1214 2649 1313 2693 coro-

364 2733 465 2788 natos
482 2729 637 2808 agnovit,
655 2728 871 2804 condolebat,
886 2748 1006 2792 verum
1023 2729 1127 2791 etiam
1150 2748 1213 2810 pro
1230 2747 1315 2791 nece

364 2825 589 2890 barbarorum
614 2827 802 2891 infidelium
826 2827 869 2889 ad
893 2827 1016 2891 inserni
1036 2826 1237 2891 barathrum
1254 2827 1314 2890 de·

366 2932 538 2989 trusorum
566 2927 668 2989 nimis
696 2946 813 2989 amare
840 2926 994 3007 lugebat.
1060 2926 1316 2991 Recedentibus

365 3024 484 3106 itaque
508 3025 667 3106 primitus
690 3025 732 3088 do
758 3024 834 3088 loco
854 3024 984 3088 funeris
1007 3027 1165 3107 paganis,
1183 3028 1313 3090 beatis-

366 3123 474 3185 simus
504 3123 680 3187 confessor
710 3122 853 3199 Christi,
883 3144 946 3186 rex
976 3125 1315 3202 Eadmundus,ci1m

367 3221 522 3304 reliquiis
552 3223 822 3286 commilitonum
845 3242 998 3299 suorum,
1021 3223 1081 3305 qni
1109 3227 1315 3305 superstites

367 3329 478 3398 erant,
501 3322 543 3384 ad
572 3321 808 3385 Haeilesdune
832 3321 949 3385 villam
971 3324 1102 3404 regiam
1124 3323 1314 3405 profectus,

367 3417 628 3484 immutabiliter
642 3422 768 3485 statuit
789 3421 825 3483 in
850 3422 965 3485 animo
988 3441 1063 3498 suo,
1080 3441 1117 3485 se
1139 3442 1315 3507 nunquam

366 3517 409 3580 de
425 3528 552 3584 caetero
567 3529 689 3585 contra
707 3522 872 3583 barbaros
888 3528 1144 3602 pugnaturum
1167 3523 1229 3586 sed
1251 3522 1316 3585 hoc

367 3617 582 3682 solummodo
597 3619 699 3694 dixit,
713 3620 779 3681 sibi
794 3617 867 3682 fore
881 3620 1124 3696 necessarium,
1140 3628 1180 3683 ut
1195 3621 1313 3685 ‘solus

366 3717 550 3779 moriretur
566 3737 628 3799 pro
643 3718 771 3799 populo
789 3726 824 3781 et
839 3737 908 3780 non
923 3726 998 3782 tota
1013 3738 1097 3800 gens
1113 3720 1265 3802 periret?

436 3885 486 3949 Da
494 3887 639 3971 passiam
653 3886 734 3951 beuti
748 3888 934 3953 Eadmuadi
948 3891 1027 3974 repis
1040 3899 1069 3954 et
1083 3895 1244 3976 thamyris

417 4010 581 4092 Hingnar
602 4012 719 4093 igitur,
746 4031 824 4076 cum
843 4013 885 4074 de
907 4021 1025 4095 strage
1044 4015 1116 4078 suis
1138 4016 1239 4082 illata
1261 4020 1313 4083 in·

575 4256 581 4286 ¹
596 4254 726 4326 Redsord]
745 4260 786 4308 0n
798 4260 839 4309 tho
850 4261 948 4323 margin
959 4257 1107 4312 ‘'letiordl¹
