3000 5004
477 495 617 544 anonas
641 495 910 546 nrsronmaun.
1102 486 1166 549 451

211 649 254 713 de
268 653 365 732 regia
379 651 572 733 proditione
586 660 738 730 notatos,
753 673 899 734 quornm
917 653 1072 730 clientes,
1083 653 1164 717 dnm

210 767 330 813 necem
350 751 480 815 vellent
504 751 720 816 dominorum
743 772 885 817 suorum
902 753 1088 829 vindicare,
1108 773 1164 817 ar·

211 857 383 914 matorum
417 852 580 933 praesidio
608 852 738 934 repulsi
768 859 804 915 et
834 853 989 933 graviter
1017 853 1164 919 insecuti

211 955 340 1013 turrem
372 951 527 1014 ecclesiae
559 959 690 1014 sanctae
720 952 866 1031 virginis
900 951 1162 1016 Frctbeswithae

209 1047 343 1129 ingredi
365 1057 447 1113 sunt
469 1051 650 1132 compulsi,
665 1049 755 1113 unde
772 1050 853 1113 dum
872 1050 950 1132 ejici
967 1053 1162 1134 nequirent,

209 1145 368 1212 incendio
390 1156 472 1213 sunt
494 1150 686 1229 combusti;
709 1149 769 1213 sed
793 1169 887 1226 mox,
907 1169 988 1231 rege
1005 1151 1162 1232 jubente,

208 1246 356 1311 ecclesia
376 1248 599 1312 reconciliata
623 1256 677 1313 est
703 1256 738 1312 et
763 1248 800 1311 in
822 1250 1007 1331 pristinum
1030 1256 1161 1312 statum

207 1346 361 1411 redacta.
422 1347 521 1411 Inter
547 1347 634 1411 alios
663 1367 801 1430 quoque
826 1348 959 1413 nobiles
985 1348 1158 1412 interlecti

208 1444 348 1509 merant
380 1445 553 1527 Sigesertb
587 1454 622 1510 et
655 1447 868 1523 MercheruS,
897 1446 1159 1511 Northanbum-

207 1545 348 1609 brorum
369 1546 524 1623 comites,
544 1546 606 1610 filii
625 1545 799 1628 Eargrini,
823 1546 948 1610 nobilis
970 1546 1048 1624 viri,
1071 1567 1159 1629 quos

208 1643 347 1726 iniquus
370 1645 442 1708 dux
460 1644 628 1708 Eadricus
651 1645 695 1708 ad
718 1646 915 1708 convivium
935 1647 1101 1711 invitatos
1124 1655 1160 1711 et

206 1742 243 1806 in
266 1744 451 1808 triclinium
476 1763 576 1807 suum
605 1744 686 1807 dolo
715 1752 895 1828 susceptos
924 1746 1039 1810 necari
1065 1746 1158 1811 fecit.

208 1840 343 1906 Deinde
374 1862 437 1907 rex
468 1842 674 1907 Ethelredus
697 1842 875 1924 Algivam,
900 1845 1071 1926 Sigeferth
1100 1865 1159 1910 co-

208 1940 301 2005 mitis
324 1961 481 2019 uxorem,
508 1942 600 2025 apud
628 1943 907 2008 Malmesberiam
929 1946 1020 2008 sicut
1044 1945 1156 2008 foemi-

207 2058 287 2103 nam
305 2042 504 2123 spcctabilis
525 2042 717 2106 nobilitatis
735 2043 859 2106 adduci
876 2049 912 2105 et
929 2043 1054 2105 ibidem
1077 2063 1155 2106 cus·

207 2139 311 2204 todiri
334 2142 524 2223 praecepit3
554 2161 733 2224 quaecum
760 2143 807 2204 ibi
833 2148 1036 2217 moraretur,
1061 2142 1155 2206 venit

206 2238 298 2302 iilius
326 2241 418 2322 regis
446 2240 683 2316 Eadmundus,
714 2259 816 2321 quem
849 2258 934 2321 gens
961 2239 1155 2322 Anglorum

205 2346 348 2422 propter
377 2339 497 2420 magni
526 2340 659 2404 roboris
686 2340 840 2421 corporis
863 2338 966 2401 simul
993 2357 1035 2402 ac
1060 2359 1156 2403 men·

206 2438 253 2501 tis
276 2438 549 2521 [strenuitatem]
577 2437 802 2514 ‘Ireneside,'
827 2437 862 2500 id
884 2445 949 2514 est,
971 2437 1064 2501 latus
1088 2438 1155 2502 ser-

205 2557 315 2613 reum,
330 2538 587 2619 nuncupabant,
604 2546 639 2603 et
652 2544 773 2601 contra
787 2538 896 2619 patris
911 2538 1156 2602 conscientiam

205 2636 299 2700 illam
313 2656 457 2700 uxorem
474 2637 587 2713 duxit,
603 2645 639 2701 et
655 2656 733 2700 cum
750 2638 828 2719 ipsa
842 2639 878 2700 in
894 2637 1156 2702 Nortbanhum·

205 2736 315 2799 briam
337 2737 513 2818 profectus
536 2745 663 2800 terram
690 2743 799 2800 totam
822 2737 968 2800 duorum
991 2738 1155 2801 comitum

205 2835 449 2918 praedictorum
466 2836 606 2912 invasit,
624 2842 730 2917 atque
745 2835 882 2899 illornm
900 2836 966 2899 sibi
989 2837 1154 2918 populum

205 2934 418 3018 subjugavit.
458 2934 533 2998 Iste
549 2943 663 2998 autem
675 2929 916 2998 ¹Eadmundus
933 2954 1002 2998 non
1019 2942 1094 2998 erat
1111 2955 1155 2998 cx

205 3034 328 3097 Emma
358 3033 595 3098 Normannica
622 3042 819 3116 generatus,
851 3033 981 3096 babens
1010 3041 1156 3096 matrem

205 3132 378 3216 quandam
401 3133 586 3212 ignobilem
610 3133 808 3211 soeminam3
845 3132 906 3195 sed
932 3131 1156 3195 Eadmundus

206 3231 326 3296 matris
343 3232 597 3312 ignobilitatem
619 3232 745 3295 mentis
767 3231 948 3295 nobilitate
971 3249 1012 3294 ac
1034 3249 1157 3312 corpo·

204 3332 253 3395 ris
267 3330 472 3396 strenuitate
491 3331 758 3414 redintegrando
776 3329 930 3394 redemit.

289 3518 379 3599 Quod
393 3520 491 3584 Oaato
506 3518 659 3604 Aeoliam
673 3516 915 3604 depopulaturus
928 3517 1072 3582 introvit.

256 3642 325 3707 Per
341 3643 431 3707 idem
447 3652 583 3726 tempus
602 3643 729 3719 Cnuto,
749 3662 812 3706 rex
829 3643 1021 3718 Danorum,
1037 3640 1152 3722 dispo-
1164 3663 1249 3754 &aa
1259 3662 1283 3701 or

203 3742 281 3806 sitis
308 3744 344 3806 in
368 3743 481 3807 Dacia
508 3744 621 3819 rebus,
648 3749 683 3806 et
709 3742 862 3807 auticitia
892 3760 970 3805 cum
999 3740 1153 3805 finitimis

204 3843 344 3923 regibus
366 3842 495 3906 soedere
511 3842 657 3918 firmata,
677 3842 739 3906 tali
762 3841 878 3907 studio
894 3835 1008 3905 'venit
1028 3842 1064 3904 in
1080 3839 1152 3905 An-

239 4060 418 4110 ¹Eudmdua
461 4075 509 4109 non
546 4064 599 4109 emt
633 4075 665 4108 ex
726 4050 1010 4123 'Venitiadaglium.]
1027 4054 1153 4103 l'heSux.

202 4125 314 4197 limma]
333 4130 458 4192 Compare
469 4131 558 4191 above,
569 4145 595 4191 p.
607 4133 666 4192 422,
691 4127 785 4177 Chron.
796 4127 883 4188 places
899 4126 941 4174 the
952 4129 1038 4173 return
1048 4122 1077 4171 ot⁴
1085 4122 1154 4172 Cnut

201 4205 256 4250 aote
267 4198 286 4263 ⁸,
296 4201 360 4250 with
372 4201 543 4263 Malmsbury,
555 4199 625 4249 Hist.
638 4213 664 4260 p.
690 4198 717 4244 in
733 4196 776 4246 the
788 4196 919 4256 following
937 4208 1015 4255 γους
1031 4192 1152 4241 Florence

204 4274 261 4320 298.
690 4280 780 4329 agrees
791 4265 853 4316 with
865 4264 908 4314 tbe
918 4267 985 4381 text3
1033 4335 1050 4380 π

1001 4344 1017 4380 e
