3000 5004
469 397 608 459 rnonns
633 410 903 459 arsronmnun.
1095 396 1161 461 317

208 573 282 630 tum
306 567 373 630 sibi
399 565 529 648 profuit
556 566 612 631 die
637 567 709 632 illa.
764 568 848 632 Erat
872 576 989 632 autem
1019 569 1054 632 in
1082 569 1159 635 loco

206 665 405 730 certaminis
422 659 541 730 'arbor
554 667 710 749 quaedam
728 667 913 731 admodum
929 668 1055 746 brevis,
1067 669 1160 734 cirea

206 784 311 846 quam
329 765 472 829 hostiles
487 767 579 829 acies
595 786 671 829 cum
689 767 821 847 ingenti
845 767 992 848 strepitu
1016 787 1159 831 concur·

207 870 349 943 rerunt;
381 884 459 927 oum
483 872 600 928 autom
623 865 752 928 diutius
774 866 928 929 animoso
950 867 1052 930 nimis
1079 866 1158 931 binc

206 962 286 1026 inde
303 973 529 1045 pugnaretur,
547 965 676 1046 pagani
699 964 818 1026 divino
836 965 970 1046 judicio
988 965 1159 1030 Christia-

208 1082 331 1125 norum
349 1064 515 1145 impetum
530 1063 618 1126 ferre
635 1082 703 1125 non
717 1061 885 1139 valentes,
899 1083 1039 1127 suorum
1060 1085 1159 1128 max-

207 1161 276 1224 ima
292 1168 391 1242 parte
413 1161 607 1236 interfecta,
624 1162 886 1242 ignominiosam
911 1164 1087 1244 arripuero
1108 1166 1158 1227 su-

207 1278 311 1340 gam3
334 1280 403 1343 quo
426 1262 463 1324 in
489 1261 566 1324 loco
590 1261 659 1323 duo
683 1280 782 1341 reges
804 1278 1031 1342 paganorum,
1049 1256 1157 1325 ²Bas-

209 1359 263 1422 cai
285 1367 320 1424 et
341 1359 515 1435 Haldene,
538 1360 716 1441 multaque
737 1378 814 1421 cum
844 1361 894 1423 eis
916 1361 1024 1424 millia
1051 1361 1158 1425 inter-

207 1459 326 1541 empti,
341 1459 592 1522 descenderunt
609 1459 652 1522 ad
671 1458 798 1520 inferos
815 1458 954 1539 ignibus
979 1462 1157 1542 perpetuis

207 1557 395 1622 cruciandi.
443 1559 498 1621 Ex
510 1558 621 1621 altera
638 1566 748 1639 parte,
767 1557 826 1619 ubi
841 1557 1000 1622 consules
1017 1558 1157 1624 fuerunt

206 1663 243 1721 et
266 1657 382 1734 duces,
408 1665 530 1721 contra
552 1675 640 1739 quos
663 1658 842 1738 pugnabat
865 1655 1027 1720 Alsredus
1051 1657 1158 1723 frater

207 1757 311 1839 regis,
325 1756 523 1820 ceciderunt
540 1755 698 1819 consules
716 1755 837 1818 Sidrac
860 1774 968 1819 senex
983 1765 1019 1821 et
1035 1757 1156 1823 Sidrac

202 1853 355 1938 juvenis,
370 1854 559 1931 OsbernuS,
579 1855 704 1931 Frane,
723 1861 758 1917 et
777 1853 967 1932 Haroldusr,
985 1876 1062 1919 cum
1079 1858 1156 1921 aliis

206 1953 407 2030 innumeris,
434 1962 470 2018 et
496 1962 591 2018 totus
621 1972 835 2036 paganorum
865 1955 1050 2032 exereitus,
1079 1976 1156 2020 cum

207 2060 262 2118 est
289 2062 390 2118 nocte
417 2061 583 2135 sequente
613 2061 649 2116 et
670 2053 726 2116 die
748 2053 784 2114 in
811 2052 929 2134 sugam
955 2073 1154 2131 conversus,

208 2171 271 2235 per
290 2160 399 2217 totam
424 2152 619 2217 Essesduoe
642 2151 819 2234 planitiem
847 2152 1016 2214 contritus
1044 2160 1097 2216 est
1119 2161 1154 2217 et

206 2251 394 2335 dispersus.
440 2251 686 2317 Convenerunt
713 2251 837 2314 iterum
863 2258 942 2332 post
968 2250 1042 2314 dies
1067 2272 1155 2334 qua-

207 2351 397 2415 tuordeeim
417 2371 480 2416 rex
510 2349 717 2415 Ethelredus
745 2358 780 2413 et
807 2349 883 2433 ejus
909 2349 1015 2415 frater
1037 2350 1153 2415 Alfre·

207 2450 284 2528 dus,
309 2457 431 2515 contra
453 2469 609 2533 paganos
634 2449 835 2531 pugnaturi,
853 2449 986 2530 junctis
1010 2451 1152 2529 viribus,
1167 2473 1269 2563 pappa

207 2550 252 2614 ad
271 2549 482 2632 Basiugum3
510 2550 635 2632 quibus
655 2548 715 2611 diu
739 2554 775 2611 et
800 2548 926 2612 acriter
945 2549 1152 2614 decertanti·
1233 2535 1252 2573 ⁸'

206 2650 285 2726 bus,
300 2649 428 2731 pagani
443 2649 622 2713 victoriam
640 2655 722 2711 sunt
738 2647 867 2729 adepti.
919 2647 1009 2712 Item
1020 2649 1154 2714 duobus

206 2747 381 2811 mensibus
406 2748 566 2825 evolutis,
586 2766 648 2811 rex
665 2746 871 2810 Etlrelredus
897 2755 933 2810 et
955 2749 1061 2813 frater
1078 2750 1154 2833 ejus

206 2845 384 2924 Alfredus,
399 2840 507 2929 'apud
533 2847 761 2922 Meretonam,
787 2865 865 2908 cum
889 2847 1045 2910 nefandis
1067 2869 1155 2931 pug-

208 2953 332 3011 nantes
362 2946 556 3010 infidelibus
586 2947 645 3009 diu
673 2946 829 3008 vicerunt
862 2953 896 3008 et
929 2965 1085 3027 paganos
1118 2947 1153 3009 in

205 3046 323 3129 sugam
342 3046 601 3127 compulerunt3
625 3045 685 3107 sed
708 3044 777 3107 illis
793 3043 930 3106 demum
951 3047 1153 3108 revertenti·

206 3146 271 3209 bus
285 3152 408 3210 eontra
424 3144 653 3219 Christianos,
671 3163 749 3206 cum
763 3143 909 3206 victoria
928 3151 1152 3208 recesserunt.

205 3243 250 3308 ln
266 3244 331 3308 hae
355 3263 493 3326 quoque
515 3263 633 3326 pugna
648 3237 889 3317 ⁴Hamundus,
909 3241 1152 3307 Scireburnen-

238 3484 246 3518 ¹
257 3484 339 3536 Arbor
351 3487 459 3549 quodum
467 3487 493 3550 ς]
507 3486 598 3536 ‘unica
615 3485 666 3547 spi·
680 3481 785 3530 'corded
797 3481 822 3528 iu
834 3480 876 3530 the
887 3482 948 3530 Sar.
957 3482 1049 3532 Chron.
1061 3484 1110 3531 and
1120 3485 1153 3545 by
1192 3464 1195 3470 ¹

202 3571 264 3607 noso
275 3556 367 3618 arbor,’
377 3557 466 3606 Asser.
692 3552 820 3600 Florence.
843 3551 898 3599 The
909 3566 981 3600 name
992 3553 1021 3601 ol
1029 3553 1070 3601 the
1081 3554 1153 3614 place

235 3621 1154 3720 ,ΒΜΜΗΜΜΜΡΡΜ11511110οεΙΙοάΜετειιᾱυιιε,π11ειιοε

200 3733 227 3777 to
237 3729 269 3777 be
280 3732 331 3775 two
342 3726 371 3775 ol
379 3727 421 3775 the
437 3727 550 3776 children
562 3728 590 3776 ol
600 3728 667 3788 Rag-
693 3762 698 3774 .

691 3693 711 3740 it
722 3692 768 3739 bas
779 3692 843 3739 been
856 3692 984 3752 supposed
996 3692 1051 3741 that
1062 3693 1154 3742 Seston

202 3812 249 3847 n„
274 3796 403 3846 Lodbmk·
453 3797 507 3845 The
530 3798 621 3846 former
645 3776 717 3845 ispo
737 3760 895 3809 Devonshire
918 3762 940 3809 is
963 3762 1004 3810 the
1027 3764 1099 3824 place
1117 3765 1154 3811 in.

201 3867 285 3986 iffi}
298 3867 324 3964 i?
331 3865 557 3997 ssfflgc'gphffi'
570 3867 621 3915 and
633 3868 665 3928 by
691 3830 864 3949 liizlelll’erllgri
878 3834 1155 3952 ljtnffllfgrrgsfflffi

274 4005 282 4028 ,
573 3937 580 3963 ι
594 3934 668 3998 Baeg'
680 3960 681 3975 ¹
692 3970 733 4018 the
745 3983 819 4018 scene
830 3969 859 4017 ol
866 3970 916 4017 tbis
926 3973 1048 4033 struggle.

202 4021 272 4068 κεῖ·
728 4037 910 4102 ‘Humundua,]
918 4040 1000 4088 called
1009 4042 1042 4100 by
1050 4041 1156 4088 Maluis-

236 4103 334 4169 uper
346 4105 517 4168 Meretonom]
534 4104 595 4152 This
614 4105 667 4153 but·
693 4108 757 4168 bury
769 4110 777 4136 ‘
787 4108 977 4164 Eadmundus;'
989 4110 1014 4157 in
1032 4110 1073 4157 tbo
1093 4110 1154 4158 Sar.

200 4177 235 4225 tle
252 4176 277 4229 is
297 4175 402 4224 omitted
421 4177 454 4236 by
467 4178 555 4237 asser,
567 4175 612 4223 but
629 4190 667 4224 re·
694 4177 786 4226 (bron.
799 4180 806 4204 ‘
818 4177 989 4227 Heohmund.'
