2932 4980
327 454 394 518 442
588 467 724 515 aoenar
748 466 795 514 ns
817 466 1028 515 wnunovnn

330 645 447 692 eorum
458 625 515 689 vel
526 625 762 689 calceamenta
779 645 848 689 non
862 632 946 688 sunt
959 625 1096 700 attrita,
1114 624 1178 688 sed
1189 626 1285 707 quasi

330 725 495 790 vecordes
505 725 641 808 ju'giter
656 732 898 801 cantaverunt,
916 726 1013 807 prius
1035 724 1081 788 ad
1099 743 1231 806 genua,
1246 743 1283 787 ac

330 826 467 890 demum
491 843 602 906 usque
626 824 670 887 ad
691 824 834 900 femora,
851 825 888 887 in
913 832 1042 887 terram
1067 823 1212 887 dimersi
1235 823 1284 886 fu·

330 931 456 1001 erunt3
489 923 621 985 fabrica
653 924 755 1004 quasi
788 923 872 986 tecti
905 922 1070 986 domicilii
1098 922 1285 1005 aliquando

331 1024 540 1104 erigebatur,
567 1029 654 1085 nutu
680 1023 760 1099 Dei,
784 1040 889 1104 super
911 1041 972 1086 eos
997 1028 1038 1084 ut
1067 1020 1211 1103 pluvias
1234 1041 1283 1084 ar·

332 1129 435 1187 cerat.
468 1120 635 1197 Tandem,
649 1121 790 1186 evoluto
805 1141 910 1198 anno,
924 1115 1177 1198 'florebertum
1186 1119 1283 1184 Colo-

332 1221 461 1285 niensis
477 1219 768 1302 archiepiscopus,
786 1239 808 1283 a
822 1220 926 1297 nodo,
940 1239 1011 1302 quo
1024 1237 1153 1282 manns
1171 1239 1283 1284 eorum

333 1321 543 1403 ligabantur,
555 1338 614 1382 eos
631 1319 781 1383 absolvit
796 1326 832 1382 et
846 1327 927 1382 ante
938 1319 1049 1382 altare
1065 1319 1183 1382 sancti
1200 1338 1284 1382 mar-

335 1420 422 1501 tyris
439 1417 563 1500 Magni
579 1417 827 1482 reconciliavit.
881 1416 974 1481 Filia
989 1418 1201 1501 presbyteri,
1212 1437 1284 1481 cum

334 1518 413 1582 aliis
429 1517 576 1594 duobus,
592 1517 756 1581 continuo
778 1517 938 1599 spiritum
959 1517 1154 1594 exhalavit,
1172 1516 1284 1580 caetcri

335 1618 445 1682 tribus
462 1616 583 1680 diebus
599 1623 635 1680 et
651 1615 809 1680 noctibus
825 1616 1050 1693 dormierunt,
1068 1616 1182 1698 aliqui
1194 1623 1285 1699 post·

335 1735 377 1780 ea
391 1716 550 1779 obierunt
564 1723 600 1778 et
614 1715 791 1779 miraculis
814 1714 1025 1792 claruerunt,
1041 1715 1187 1797 quidam
1207 1735 1284 1779 vero

334 1833 474 1898 poenam
489 1832 601 1889 suam,
617 1815 847 1878 membrorum
869 1833 1011 1878 suorum
1028 1821 1194 1891 tremore,
1209 1834 1284 1896 pro·

334 1913 507 1978 diderunt.
546 1912 681 1994 Legunt
695 1913 761 1977 hoc
778 1913 843 1990 illi,
857 1913 917 1995 qui
932 1932 995 1995 per
1008 1921 1131 1977 votum
1147 1913 1191 1976 ad
1209 1915 1284 1977 obe·

333 2013 499 2077 dientiam
523 2019 606 2074 sunt
631 2013 793 2088 connexi,
811 2019 850 2076 ut
872 2020 1042 2094 quantum
1064 2014 1112 2078 sit
1135 2012 1285 2079 inobedi-

333 2113 437 2176 entiae
454 2111 667 2195 [peccatum]
682 2119 906 2193 cognoscant.

510 2283 591 2347 Item
607 2280 699 2346 aliud
712 2279 881 2369 exemplam
895 2276 1114 2345 inobedientia.

260 2453 266 2465 .
387 2399 598 2488 Imperator²
611 2404 1096 2485 Henricus,D0minica,quae
1106 2402 1285 2486 Quinqua-

335 2506 469 2586 gesima
488 2504 627 2581 dicitur,
642 2511 805 2568 venatum
827 2522 986 2586 pergens,
1002 2502 1047 2565 ad
1070 2522 1169 2566 oram
1191 2504 1284 2568 silva

337 2603 515 2686 cujusdam
542 2603 651 2680 solus,
673 2603 838 2685 dispersis
860 2602 975 2678 sociis,
997 2600 1160 2681 devenit,
1183 2603 1285 2687 juxta

335 2721 440 2784 quam
472 2702 596 2766 silvam
623 2702 803 2766 ecclesiam
834 2700 1101 2783 contemplatus,
1133 2721 1177 2765 eo
1207 2722 1284 2766 oon·

336 2801 458 2877 tendit,
472 2801 684 2884 militemque
702 2821 740 2864 se
755 2820 831 2864 esse
852 2801 1034 2877 mentiens,
1050 2801 1194 2864 missam
1209 2801 1285 2863 sim·

337 2900 472 2983 pliciter
486 2920 508 2964 a
524 2901 728 2983 presbytero
742 2899 888 2981 rogavit.
941 2899 1029 2963 Erat
1051 2907 1172 2963 autem
1194 2919 1284 2982 pres·

336 3002 437 3083 byter
458 3000 516 3063 ille
538 3000 727 3082 praeclarus
749 2999 928 3080 religione,
944 2998 1005 3060 sed
1022 2999 1111 3062 adeo
1126 2999 1285 3062 deformis

336 3118 492 3182 corpore,
517 3109 557 3164 ut
581 3106 772 3162 monstrum
800 3099 1043 3180 potiusquam
1070 3098 1175 3162 homo
1196 3098 1288 3162 vide·

336 3207 454 3278 retur3
484 3218 586 3280 quem
613 3218 689 3261 cum
720 3198 909 3280 imperator
936 3197 1122 3277 diligenter
1147 3197 1285 3280 inspex-

336 3299 433 3374 isset,
455 3298 563 3379 coepit
579 3297 799 3360 vehementer
821 3295 983 3360 admirari
1000 3315 1109 3376 quare
1133 3295 1243 3372 Deus,
1265 3316 1285 3359 a

337 3415 406 3479 quo
423 3396 575 3459 formosa
596 3405 723 3459 cuncta
747 3395 950 3477 procedunt,
967 3395 1097 3458 sineret
1119 3395 1285 3459 conficere

337 3515 402 3559 sua
430 3502 647 3559 sacramenta
673 3494 844 3559 hominem
879 3503 950 3558 tam
976 3494 1194 3574 deformem3
1228 3495 1285 3558 sed

336 3615 419 3659 mox
440 3614 530 3671 cum,
548 3596 655 3657 missa
680 3593 853 3670 inchoata,
869 3593 1053 3656 adversum
1074 3593 1176 3657 illum
1199 3601 1286 3658 trac·

337 3701 394 3758 tus
416 3701 620 3774 perventum
637 3693 772 3769 fnisset,
787 3692 878 3774 quod
903 3712 925 3756 a
942 3712 1049 3775 puero
1070 3695 1287 3769 cantabatur,

336 3792 490 3855 ‘Scitote
507 3794 670 3874 quoniam
688 3793 860 3856 Dominus
877 3793 951 3874 ipse
967 3798 1021 3855 est
1036 3791 1159 3869 Deus,’
1174 3812 1286 3857 sacer·

372 4029 551 4093 ¹llerebertue‚
564 4032 735 4096 conetense]
757 4033 800 4082 He
860 4031 1019 4097 'imperotor-
1042 4034 1203 4099 fleverim]
1237 4036 1288 4084 'l'lre

336 4103 397 4152 died
408 4104 434 4150 in
446 4102 577 4163 wihard
586 4116 641 4150 was
652 4104 798 4153 canonized.
824 4104 916 4167 legend
941 4103 1072 4166 following
1100 4106 1124 4154 is
1151 4106 1207 4156 also
1228 4106 1287 4155 lron

338 4173 389 4222 llis
400 4173 444 4221 lite
456 4173 478 4220 ie
488 4172 587 4233 printed
597 4172 623 4221 in
635 4172 744 4225 theAct.
753 4174 799 4223 SS.
826 4170 1019 4239 Malmsbury,§
1033 4177 1090 4225 1⁷⁵.

339 4242 439 4306 March,
451 4243 479 4293 ii.
487 4257 513 4305 p.
525 4246 584 4293 464.
