3000 5004
466 397 605 445 rnonns
629 399 897 449 nrsronmnuu.
1087 387 1154 451 307

200 549 328 615 mundo
351 550 525 628 inventus,
542 552 618 634 ipso
636 552 782 636 jubente
797 553 910 617 suerat
928 553 1149 635 intersectus3

200 657 238 712 at
261 649 312 711 illi
338 658 601 732 prorumpentes
625 651 661 713 in
687 651 805 715 lictum
828 654 1092 730 amarissimum,
1107 655 1149 718 de

201 756 311 812 morte
327 750 436 831 patris
456 752 509 813 sui
524 751 818 815 inconsolabiliter
832 753 1038 832 perturbati,
1049 753 1148 836 jura-

200 855 326 912 verunt
349 868 411 931 per
435 850 687 931 omnipotentes
713 850 796 914 deos
818 870 912 927 suos,
939 852 1031 934 qnod
1058 872 1149 916 mor·

202 954 271 1010 tem
288 947 384 1025 illam
409 968 478 1011 non
500 948 732 1031 relinquerent
747 951 971 1030 impunitam3
997 951 1149 1014 Bernnm

201 1065 339 1127 quoqne
366 1055 578 1123 venatorem,
605 1048 665 1129 qni
694 1048 730 1110 in
760 1048 922 1111 navicula
949 1050 1059 1130 patris
1095 1050 1149 1114 sui

202 1144 402 1221 advenerat,
415 1147 669 1210 constituerunt
683 1146 861 1210 ductorem
877 1167 990 1224 sunm,
1006 1154 1045 1211 nt
1059 1167 1097 1210 se
1114 1151 1150 1212 in

201 1263 318 1326 regem
335 1245 575 1308 Eadmnndum
593 1245 819 1309 vindicarent.
855 1244 909 1309 Ac
924 1246 1151 1322 deinde,con·

202 1351 347 1425 gregato
376 1344 533 1408 exercitu
561 1345 713 1426 copioso,
741 1363 818 1407 cum
847 1344 971 1426 viginti
999 1346 1150 1409 millibus

202 1450 412 1507 armatorum
436 1461 531 1506 mare
547 1444 695 1524 ingressi
711 1463 830 1507 versus
846 1444 1020 1525 regionem
1038 1446 1150 1508 orien-

202 1541 324 1604 talium
341 1541 532 1623 Anglorum
550 1543 629 1605 vela
649 1543 849 1605 direxerunt
873 1550 908 1607 et
929 1561 1037 1618 arma,
1056 1550 1095 1606 ut
1112 1564 1150 1606 se

204 1641 240 1702 in
262 1659 377 1721 regem
396 1641 635 1705 Eadmnndum
660 1641 703 1704 de
720 1648 830 1704 morte
854 1641 915 1704 illa
937 1643 1074 1723 penitus
1097 1642 1150 1704 in·

203 1746 337 1803 sontem
360 1740 469 1804 ultum
488 1739 601 1818 irent3
625 1748 851 1804 veruntamen
865 1741 978 1804 ventis
1006 1741 1043 1804 in
1067 1760 1149 1805 con-

205 1838 348 1901 trarium
377 1839 524 1902 classem
554 1839 822 1920 impellentibus,
854 1841 889 1904 in
917 1839 1035 1904 Scotia
1057 1841 1149 1923 apud
1162 1863 1208 1902 ru
1217 1863 1288 1902 nme·

205 1936 339 2001 Berwic
363 1958 468 2020 super
483 1939 639 2001 'I'uedam
665 1938 834 2021 compulsi
859 1945 940 2002 snut
965 1939 1151 2021 applicare,
1162 1913 1268 2003 iiidie.

204 2037 262 2099 ubi
284 2039 521 2120 praescriptam
535 2037 838 2119 depopulationem
857 2037 1070 2114 inchoantes,
1086 2057 1152 2102 sae·

206 2136 330 2200 viendo
357 2137 495 2219 ubique,
527 2136 666 2200 tandem
698 2136 742 2199 ad
768 2136 1001 2216 Est-angliam
1031 2156 1152 2217 perve-

208 2242 344 2313 nerunt,
366 2244 402 2299 et
426 2235 518 2318 apud
551 2236 682 2310 villam,
705 2254 783 2318 quae
813 2228 989 2298 ¹Redsord
1016 2235 1154 2312 dicitur,

207 2336 444 2399 castrametati
465 2353 688 2417 quoscunque
711 2334 917 2398 invenerunt
935 2333 983 2396 ibi
998 2334 1091 2398 viros
1114 2355 1155 2399 ac

208 2434 368 2498 mulieres
396 2435 431 2496 in
465 2454 524 2497 ore
553 2434 661 2514 gladii
698 2440 928 2515 peremerunt.
996 2433 1156 2516 Denique

207 2552 285 2596 cnm
318 2533 444 2597 ibidem
471 2541 639 2616 tyrannus
666 2533 830 2615 Hingnar
857 2531 1087 2614 nequissimus
1110 2553 1156 2596 ex

208 2631 429 2697 multitudine
465 2631 724 2696 interfectorum
761 2622 860 2696 suam
903 2632 1156 2713 aliquantulum

208 2730 339 2795 rabiem
362 2738 612 2808 exsaturasset,
632 2731 800 2814 quosdam
824 2731 976 2814 plebeios
997 2732 1157 2807 advocat,

209 2850 296 2912 qnos
326 2831 443 2912 gladio
469 2851 533 2894 sno
555 2831 737 2914 judicabat
762 2831 935 2911 indignos,
964 2837 1069 2913 atque
1096 2832 1155 2894 nbi

210 2950 271 2993 rex
290 2949 409 2994 eornm
426 2938 508 2994 tunc
531 2931 694 3012 temporis
709 2929 818 2994 vitam
833 2929 985 3004 duceret,
1001 2929 1157 2992 solicitus

210 3029 420 3111 investigat3
455 3029 548 3093 fama
578 3047 725 3112 namque
759 3029 802 3092 ad
831 3049 910 3093 eum
940 3035 1156 3109 pervenerat,

211 3128 301 3211 quod
324 3128 498 3210 piissimus
521 3147 585 3191 rex
600 3128 825 3192 Eadmnndus
840 3127 971 3190 viribus
995 3133 1031 3190 et
1052 3127 1157 3189 armis

210 3235 304 3290 esset
331 3233 493 3292 strennus
526 3228 624 3290 acin
650 3228 743 3290 omni
769 3226 922 3308 corporis
946 3225 1159 3288 dimensione

210 3326 313 3389 simul
351 3334 388 3390 et
416 3326 622 3409 proceritate
653 3324 959 3407 incomparabilis3
997 3313 1160 3406 quocirca

211 3424 398 3489 festinabat
423 3445 510 3508 qnos
537 3426 803 3507 circumquaque
836 3425 963 3505 reperit
986 3424 1060 3487 neci
1088 3429 1160 3486 tra·

212 3523 304 3602 dere,
321 3544 364 3587 ne
377 3525 487 3588 multo
504 3524 653 3605 stipatus
664 3523 811 3587 militum
829 3522 966 3604 agmine
984 3521 1027 3585 ad
1039 3522 1161 3604 patriae

212 3622 446 3687 defensionem
471 3621 626 3687 sufficere
644 3624 825 3705 potuisset.
878 3621 1084 3686 Morabatnr
1099 3639 1162 3683 au·

214 3728 283 3785 tem
306 3742 347 3786 eo
363 3729 517 3805 tempore
544 3722 716 3803 gloriosus
740 3742 801 3786 rex
820 3729 856 3785 et
872 3720 1008 3784 futurus
1032 3728 1164 3802 martyr

217 3821 442 3885 Eadmnndus
453 3823 489 3885 in
498 3820 582 3886 villa
598 3822 705 3902 regia,
715 3842 794 3904 quae
808 3815 1061 3884 ²Haeilesdune
1071 3820 1164 3882 dice·

259 3994 427 4056 'Redsord,·]
465 4011 533 4046 more
561 3997 677 4058 properly
702 3998 786 4057 citnr,'
810 3996 906 4046 Bromt,
930 3997 978 4045 col.
1000 4000 1057 4045 80⁵.
1099 3994 1166 4042 Now

213 4065 372 4115 ‘mafora’
609 4120 613 4128 ¹
706 4067 851 4127 Horon‚on
867 4066 909 4115 the
928 4066 995 4114 river
1005 4065 1129 4124 Waveny,
1141 4065 1167 4111 in

247 4130 455 4202 ²Haeilerdune.]
467 4137 475 4163 ‘
486 4135 614 4197 Eglesdon
626 4135 679 4183 sive
704 4136 812 4186 Sutlolk.

216 4205 358 4266 Halerdon,
376 4205 449 4253 modo
462 4219 519 4253 vero
537 4205 624 4253 Horne
643 4204 680 4251 di·

1014 4276 1064 4320 xa
