3000 5004
367 477 507 525 suosne
531 477 801 526 meronmnuu.
996 459 1062 524 489

109 633 175 695 bus
205 632 278 694 suis
311 633 501 697 interfectis
529 634 630 696 nimis
653 635 888 717 perturbatus,
915 632 958 695 de
987 637 1061 695 tota

110 737 204 794 terra
221 751 298 808 sua,
314 732 349 795 id
373 739 439 810 est,
456 732 499 796 de
513 732 652 810 Cantia,
669 733 875 797 Suth-sexia
890 739 925 795 et
943 729 1061 794 West·

108 831 219 906 seria,
243 838 279 895 et
296 831 388 895 filius
405 832 481 914 ejus
498 832 749 914 primogenitus
769 832 908 895 Suanus
924 829 967 893 de
985 837 1061 893 tota

110 935 204 992 terra
220 949 297 1007 sua,
311 929 345 992 id
363 938 428 1007 est,
445 930 650 1008 Oxoniensi‚
672 930 928 1005 Gloverniensi,
948 928 1060 992 He're·

111 1027 275 1104 fordensi,
305 1027 554 1093 Somersetensi
594 1036 628 1093 et
657 1031 823 1094 Bercensi
860 1027 1062 1111 provinciiS,

113 1125 291 1190 Horoldus
317 1127 407 1191 tilius
433 1128 508 1211 ejus
533 1127 576 1191 de
600 1128 729 1192 honore
751 1147 828 1203 suo,
854 1127 890 1191 id
913 1133 978 1202 est,
995 1126 1061 1189 Es-

112 1244 208 1302 sene,
237 1226 470 1309 Erret-anglia,
494 1225 719 1308 Cantebrigia
740 1235 776 1291 et
797 1223 1062 1301 Huntendunia‚

114 1323 288 1406 ingentem
324 1327 513 1389 exereitum
541 1326 767 1407 collegerunt.
825 1323 950 1400 Comes
979 1343 1061 1387 vero
1074 1339 1106 1378 12·
1115 1349 1188 1378 eon-e·

115 1420 305 1487 Godwinus
332 1432 385 1488 tot
409 1425 518 1507 copiis
541 1433 753 1489 armatorum
783 1425 818 1487 in
848 1423 1060 1506 provinciam
1074 1397 1220 1479 ffididn-

113 1523 208 1586 venit
231 1521 530 1600 Gloverniensem‚
555 1534 590 1587 et
613 1524 728 1587 missis
755 1522 799 1586 ad
822 1541 938 1604 regem
964 1522 1061 1603 lega-

113 1621 170 1697 tie,
189 1621 415 1685 Eustachium
440 1624 600 1686 comitem
624 1643 701 1685 curn
725 1623 797 1685 suis
814 1622 973 1685 omnibus
996 1621 1061 1684 sibi

112 1719 209 1783 reddi
232 1721 411 1785 mandavit
427 1723 492 1785 sub
513 1722 772 1785 denuntiatione
798 1721 900 1800 belli3
925 1720 981 1784 cui
998 1741 1061 1783 rex

114 1819 319 1883 militaribus
343 1821 451 1903 copiis
476 1819 684 1886 sufficienter
707 1822 896 1885 instructus
930 1819 1062 1902 signiti-

112 1919 217 1995 oovit,
242 1918 334 2001 quod
367 1920 593 1983 Eustachium
618 1920 777 1984 comitem
806 1920 851 1982 ad
884 1939 961 1982 eum
993 1938 1062 1981 non

114 2016 278 2095 mitteret,
304 2019 506 2101 praeoipiens
531 2019 686 2101 insuper,
709 2027 760 2095 ut,
783 2018 843 2100 qui
867 2026 990 2082 contra
1012 2018 1065 2099 ip·

113 2134 189 2178 sum
216 2118 406 2180 exercitum
421 2118 608 2199 eollegerat
626 2125 661 2181 et
678 2119 776 2198 regni
792 2135 912 2200 paoem
929 2123 1063 2198 pertur-

112 2215 267 2291 baverat,
287 2210 347 2278 ¹ad
371 2217 502 2280 curiam
520 2217 665 2293 veniret,
687 2235 792 2298 super
815 2223 915 2278 tanta
936 2215 1064 2298 injuria

113 2333 341 2396 responsurus
368 2323 404 2379 et
424 2314 495 2398 juri
519 2316 708 2397 pariturus.
761 2312 954 2378 Godwinus
970 2333 1064 2388 vero,

112 2412 203 2477 sicut
217 2433 294 2477 cum
311 2433 393 2496 rege
416 2415 574 2496 praelium
599 2432 779 2477 conserere
804 2433 873 2477 non
900 2411 1063 2490 audebat,

113 2511 164 2574 ita
188 2511 231 2575 ad
256 2513 387 2576 curiam
411 2513 486 2596 ejus
500 2513 618 2577 venire
642 2512 861 2589 formidabat,
886 2512 976 2575 unde
1000 2532 1062 2576 rex

112 2611 285 2673 communi
301 2613 405 2676 curiae
422 2631 495 2677 snae
512 2612 650 2677 decreto
668 2614 782 2694 ipsum
800 2611 1009 2676 Godwinum
1027 2620 1063 2676 et

112 2710 264 2792 quinque
293 2709 381 2775 filios
412 2711 488 2795 ejus
516 2706 582 2776 'ab
612 2710 744 2795 Anglia
773 2711 969 2791 exsulavit3
1002 2712 1061 2794 qui

111 2828 193 2872 mox
218 2830 296 2873 cum
321 2829 432 2874 uxore
457 2830 522 2874 sua
548 2810 664 2894 Gyva,
687 2819 723 2875 et
744 2811 845 2876 Tosti
871 2812 963 2875 tilius
985 2811 1062 2894 ejus

112 2927 190 2971 cum
222 2929 286 2973 sua
314 2911 463 2994 conjuge
490 2909 514 2973 J
517 2911 628 2985 udith,
661 2910 732 2973 tilia
763 2909 896 2973 seilicet
926 2911 1061 2973 comitis

113 3007 336 3071 Flandrensis
355 3007 561 3083 Baldewini,
577 3015 612 3072 et
628 3008 687 3070 alii
710 3008 779 3072 duo
792 3008 854 3070 filii
871 3007 947 3090 ejus
971 3007 1060 3070 Sua·

112 3125 177 3169 nus
192 3114 227 3170 et
240 3104 366 3182 Gnrth,
378 3100 513 3170 ³navem
528 3126 607 3170 cum
622 3106 793 3169 thesauris
808 3105 927 3168 multis
941 3123 1061 3168 ascen-

112 3203 246 3279 dentes,
272 3204 307 3266 in
336 3204 536 3267 Flandriam
561 3223 699 3268 cursum
728 3204 770 3267 ad
795 3203 976 3286 praesatum
1002 3224 1060 3268 co·

113 3304 230 3365 mitem
255 3300 467 3367 direxerunt.
521 3303 632 3367 Porro
649 3303 710 3367 filii
732 3303 809 3386 ejus
825 3302 1004 3367 Horoldus
1027 3313 1062 3367 et

111 3550 170 3584 eone
181 3538 232 3582 met
240 3537 266 3582 at
278 3532 416 3582 Beverston
427 3534 453 3581 in
464 3534 575 3584 orderto
600 3549 677 3585 cause
710 3535 841 3584 securitiee
868 3550 936 3585 were
970 3537 1062 3587 denied

110 3604 197 3655 attend
208 3605 237 3665 it,
247 3604 294 3652 but
304 3617 371 3651 were
388 3605 523 3665 presented
541 3607 574 3666 hy
600 3604 660 3654 him.
697 3605 758 3654 Sex.
770 3604 864 3654 Chron.

111 3675 175 3723 sulse
211 3675 420 3734 representatione
450 3674 504 3722 that
531 3675 574 3723 the
633 3672 694 3723 ‘Aa
716 3673 811 3735 Aoglio
833 3674 985 3739 exsulerit]
1004 3677 1061 3725 Flo·

112 3743 256 3792 Welebmen
292 3742 343 3790 had
372 3743 446 3792 made
474 3746 574 3806 against
599 3758 672 3792 renoe
689 3758 749 3805 says
768 3744 823 3792 that
841 3745 883 3793 the
902 3760 991 3795 reason
1002 3747 1060 3808 why

111 3814 177 3862 them
190 3811 274 3860 before
285 3811 327 3860 the
338 3813 410 3875 king.
599 3813 710 3862 Godwin
722 3813 769 3862 ded
778 3813 821 3862 the
831 3821 935 3876 country
944 3831 999 3866 was
1007 3818 1062 3867 that

598 3883 639 3931 hie
648 3898 719 3943 army
730 3883 780 3932 had
792 3884 907 3933 deserted
918 3885 979 3935 him.

150 3946 215 3998 'Aa
240 3949 333 3998 curiam
360 3945 483 4016 veniret]
512 3949 574 3999 This
633 3950 749 4001 ⁸Novem
770 3968 823 4001 cum
842 3954 963 4004 thesauris
978 3957 1063 4004 multis

112 4034 239 4069 summons
256 4034 311 4068 was
327 4020 414 4068 issued
431 4020 493 4069 from
505 4034 521 4068 a
535 4035 574 4068 ee·
598 4023 770 4085 ascendentes]
792 4023 864 4084 They
881 4025 1017 4073 emberked
1035 4031 1061 4072 ut

111 4091 175 4139 oond
187 4090 286 4137 council
297 4089 424 4138 convened
435 4096 461 4137 at
470 4089 573 4137 london
599 4091 771 4140 Bosonbamin
778 4092 889 4152 Susse13
899 4093 1059 4143 Sax.Chron.

113 4161 138 4207 in
155 4160 301 4220 September
316 4159 346 4205 oi
359 4158 401 4207 the
419 4173 488 4207 same
504 4173 572 4218 year.
599 4160 717 4209 Florence
736 4162 786 4209 aad
807 4163 906 4210 Simeon
925 4176 970 4223 say
982 4164 1061 4211 Thor-

111 4229 165 4277 The
187 4230 240 4277 earl
260 4228 362 4277 refused
380 4234 406 4276 to
428 4228 514 4277 attend
530 4229 573 4277 be·
596 4245 645 4290 ney
657 4231 753 4291 leland,
765 4229 858 4280 Hante.
