3000 5004
478 448 616 496 anonas
640 449 909 500 nrsroruaauu.
1102 439 1167 505 353

214 608 332 664 autem
354 604 548 684 portionem
568 625 674 670 unam
696 607 769 670 suis
792 607 1026 685 bellatoribus,
1046 610 1105 690 qui
1128 612 1164 673 in

214 700 325 763 tribus
336 703 458 765 turmis
467 702 721 781 dividebantur,
731 707 935 787 assignavit,
946 708 1044 770 itaut
1054 709 1165 790 prima

214 797 349 876 cohors,
373 820 452 883 quae
474 805 644 885 equestris
669 813 756 880 erat,
781 825 896 868 mense
920 825 989 870 uno
1011 807 1164 871 incuria

213 899 305 978 regis
323 899 546 979 ministraret,
562 902 644 965 dum
667 902 745 965 aliae
765 904 844 966 duae
867 905 998 967 bellicis
1021 906 1162 987 expedi·

212 996 364 1060 tionibus
386 997 599 1076 insudarent,
621 1002 739 1082 sicque
761 1021 878 1064 mense
899 1003 1009 1080 finito,
1027 1004 1097 1065 illis
1119 1004 1161 1067 de

211 1095 333 1176 praelio
348 1097 584 1175 redeuntibus,
600 1101 681 1163 novi
703 1099 886 1163 bellatores
908 1101 976 1163 illis
998 1101 1159 1165 succede·

211 1193 308 1270 bant,
328 1202 364 1258 et
386 1197 435 1259 sic
458 1199 551 1261 omni
574 1206 728 1280 tempore
745 1200 827 1262 vitae
849 1218 922 1261 suae
948 1199 1010 1261 bas
1026 1201 1158 1263 vicissi-

211 1291 349 1355 tudines
369 1295 598 1375 observabat3
622 1298 807 1360 secundam
823 1317 905 1361 vero
928 1306 1060 1379 partem
1076 1317 1158 1380 ope-

211 1391 313 1453 rariis
328 1392 457 1470 multis,
469 1413 556 1475 quos
571 1396 608 1458 in
625 1395 718 1459 omni
735 1414 838 1478 opere
854 1404 991 1460 terreno
1006 1397 1158 1460 eruditos

210 1489 371 1567 babebat,
394 1490 592 1572 distribuit;
623 1495 759 1557 tertiam
782 1503 896 1558 autem
920 1496 1075 1571 advenis,
1098 1496 1157 1577 qui

211 1608 256 1653 ex
279 1589 424 1652 diversis
446 1593 643 1656 nationibus
669 1591 712 1654 ad
738 1612 816 1655 cum
840 1592 1072 1669 confluebant,
1095 1593 1158 1656 im-

209 1687 340 1770 pendit.
392 1688 585 1754 Secundam
602 1691 750 1772 denique
771 1699 917 1773 partem,
935 1711 1013 1773 quae
1031 1712 1076 1755 ex
1096 1712 1158 1754 an·

210 1806 279 1852 nuo
304 1786 349 1849 ad
375 1806 453 1850 eum
483 1808 589 1852 censu
617 1792 809 1871 spectabat,
835 1790 872 1853 in
901 1797 971 1853 tres
998 1791 1156 1854 dividens

209 1885 398 1968 portiones,
418 1887 563 1968 primam
586 1890 807 1969 pauperibus
830 1889 1016 1952 secundam
1038 1908 1156 1952 coeno-

209 1985 287 2062 biis,
310 2003 387 2065 quae
409 1983 626 2062 fundaverat,
656 1987 793 2049 tertiam
818 1986 958 2063 scholae,
982 2006 1086 2068 quam
1110 2007 1155 2052 ex

209 2085 328 2148 multis
351 2082 477 2147 Galliae
504 2084 650 2165 aliisque
680 2085 877 2166 regionibus
906 2085 1047 2148 remotis
1072 2105 1155 2149 con·

208 2190 428 2264 gregaverat,
443 2182 576 2246 clericis
593 2190 628 2246 et
650 2181 860 2258 doctoribus,
877 2184 1065 2246 secundum
1083 2185 1154 2247 sin-

208 2282 367 2362 gulorum
389 2279 629 2345 sufficientiam
651 2281 843 2363 deputavit.
896 2281 952 2343 Ex
974 2300 1053 2344 cere
1067 2301 1153 2363 quo·

207 2400 288 2463 qne,
304 2379 349 2443 ad
372 2378 506 2461 pondus
522 2381 746 2462 septuaginta
759 2380 904 2442 duorum
921 2380 1153 2458 denariorum,

207 2498 271 2543 sex
299 2478 461 2543 candelas
483 2479 634 2559 aequales
653 2478 727 2540 fieri
749 2478 925 2559 praecepit,
947 2478 998 2541 ita
1019 2487 1059 2542 ut
1084 2479 1154 2541 sin·

206 2577 300 2660 gulae
315 2575 495 2641 duodecim
511 2577 632 2641 uncias
648 2576 873 2656 longitudinis
887 2575 1064 2653 baberent,
1075 2596 1154 2658 quae

207 2696 270 2760 per
300 2676 425 2757 viginti
455 2682 606 2757 quatuor
636 2674 752 2749 boras,
786 2675 841 2737 die
874 2684 1048 2756 noctuque
1080 2675 1154 2739 sine

206 2774 354 2850 defectu,
383 2793 499 2838 eoram
524 2773 748 2855 plurimorum
778 2781 976 2836 sanctorum
1000 2773 1153 2855 reliquiis

208 2871 379 2936 arderent.
420 2872 463 2936 In
479 2870 709 2953 exsequendis
724 2870 865 2953 judiciis
882 2872 968 2934 adeo
985 2873 1155 2935 discretus

205 2979 283 3036 erat
306 2970 502 3051 indagator,
524 2977 563 3033 ut
579 2989 657 3051 quae
681 2970 717 3030 in
743 2970 899 3032 absentia
919 2970 994 3051 ejus
1013 2970 1154 3046 fiebant,

208 3071 238 3134 si
261 3076 378 3133 essem
394 3069 493 3153 justa
515 3068 571 3133 vel
596 3068 728 3151 injusta
750 3066 949 3149 inquireret,
974 3074 1020 3143 et,
1039 3067 1070 3129 si
1090 3069 1154 3131 ali·

208 3188 313 3251 quam
336 3167 554 3249 iniquitatem
575 3166 768 3246 intelligere
789 3171 919 3247 posset,
943 3165 1078 3248 judices
1100 3166 1154 3228 in-

206 3267 418 3348 terrogabat,
447 3272 562 3329 utrum
583 3284 645 3347 per
669 3264 900 3345 ignorantiam
924 3263 979 3327 vel
1002 3264 1154 3328 malevo-

207 3365 361 3441 lentiam,
382 3372 445 3429 aut
470 3384 585 3428 amore
609 3362 665 3425 vel
689 3361 780 3437 odio,
803 3363 925 3431 timore
942 3362 998 3426 vel
1023 3361 1154 3439 favore,

207 3463 264 3528 vel
280 3481 343 3545 pro
360 3464 516 3544 pecuuiae
530 3461 721 3545 cupiditate
739 3460 790 3523 ita
805 3460 1041 3543 judicassent3
1069 3468 1104 3523 et
1123 3461 1154 3523 si

204 3561 452 3625 confiterentur
473 3580 511 3624 se
532 3560 619 3624 talia
636 3558 824 3642 judicasse,
847 3576 887 3621 eo
910 3558 1002 3639 quod
1027 3560 1154 3622 rectius

201 3659 360 3743 judicare
378 3660 588 3736 nesciebant,
607 3667 689 3721 tunc
704 3657 850 3720 discrete
863 3675 904 3719 ac
922 3655 1097 3720 moderate
1113 3657 1155 3719 il-

207 3758 319 3822 lorum
330 3757 542 3839 redarguens
556 3756 764 3839 imperitiam
779 3756 906 3831 aicbat,
919 3760 929 3788 ‘
943 3754 1055 3819 Miror
1068 3775 1153 3819 sane

207 3864 359 3920 vestram
381 3856 612 3931 insolentiam,
635 3874 725 3930 cum,
753 3855 820 3917 Dei
845 3855 936 3919 dono
958 3873 1000 3918 ac
1022 3863 1153 3931 nostro,

207 3955 416 4037 sapientium
439 3954 585 4036 gradum
607 3960 643 4015 et
661 3952 886 4015 ministerium
904 3954 1098 4035 usurpastis
1119 3963 1154 4015 et

204 4054 384 4136 sapientiae
412 4053 564 4115 studium
595 4050 811 4132 neglexistis,
847 4058 908 4113 aut
941 4058 1152 4113 terrenarum

201 4151 393 4216 ministeria
415 4170 528 4214 rerum
544 4149 727 4213 dimittatis
751 4157 812 4211 aut
831 4148 1022 4228 sapientiae,
1043 4147 1152 4210 multo

256 4265 335 4313 von.
353 4266 377 4312 ι.
936 4244 1003 4306 2s
