3000 5004
356 457 422 520 444
612 467 745 516 nonani
771 465 818 512 nn
842 462 1051 511 wnunovnr

358 631 499 694 reddere
531 629 720 705 rationem;
752 623 913 689 videbitis
936 631 1052 685 autem
1076 641 1142 698 me,
1168 624 1314 704 quando

361 732 500 810 signum
520 729 562 791 ad
584 736 722 790 sextam
745 724 865 787 horam
889 721 1138 802 pulsaverit‚de
1160 740 1308 803 corpore

355 827 606 908 commigrare!
659 825 734 888 Nec
757 823 842 902 fides
867 821 979 887 defuit
1000 821 1114 884 verbis
1137 821 1204 883 viri
1229 822 1312 899 Dei,

355 934 390 989 et
417 927 475 989 ille
501 926 597 1001 hora,
624 944 694 1006 qua
720 921 944 1005 praedixerat,
970 919 1153 983 defunctus
1182 928 1250 998 est,
1275 929 1312 985 et

354 1026 459 1088 miser
476 1024 618 1105 juvenis
641 1024 712 1099 ille,
734 1040 827 1085 anno
850 1019 1021 1095 revoluto,
1051 1019 1172 1082 eadem
1195 1019 1253 1083 die
1274 1028 1310 1084 et

354 1122 440 1186 hora
471 1142 549 1186 cum
575 1123 686 1186 amica
714 1138 899 1203 percussus
924 1118 1067 1181 fulmine
1097 1119 1307 1200 exspiravit.

356 1222 486 1286 Eodem
509 1241 601 1285 anno
623 1239 716 1302 papa
731 1214 960 1282 ¹Benedictus
978 1216 1174 1280 Romanam
1198 1218 1307 1301 adep-

355 1329 413 1385 tus
429 1320 629 1385 cathedram
644 1319 743 1382 annis
758 1316 938 1381 duodecim
955 1335 1031 1379 eam
1050 1315 1152 1379 rexit.
1190 1375 1193 1378 ,

408 1492 457 1555 De
468 1489 566 1555 nolito
582 1491 747 1555 Dacorum
762 1491 891 1555 interitu
901 1510 962 1574 per
976 1498 1070 1553 totam
1084 1487 1250 1573 Acyllam.
1298 1571 1301 1574 Α

191 1626 331 1669 ammos
405 1608 504 1677 Hoc²
518 1615 667 1696 denique
686 1634 790 1691 anno,
813 1613 923 1676 Huna
939 1612 1091 1695 quidam,
1108 1612 1202 1694 regis
1220 1612 1308 1677 Eth-

128 1710 133 1719 ’
190 1677 315 1719 mm
351 1713 459 1775 elredi
484 1713 616 1777 militiae
639 1715 811 1795 princeps,
838 1714 893 1776 vir
918 1720 1079 1776 strenuus
1104 1718 1139 1774 et
1162 1709 1306 1775 bellico-

353 1829 425 1886 sus,
447 1811 568 1874 videns
592 1811 772 1875 Danorum
797 1811 1028 1887 insolentiam,
1049 1810 1109 1892 qui
1127 1810 1202 1893 jam
1226 1818 1308 1892 poet

353 1927 473 1990 pacem
504 1909 632 1973 factam
663 1930 725 1991 per
753 1918 863 1974 totam
893 1909 1058 1991 Angliam
1087 1907 1174 1972 adeo
1205 1909 1307 1973 inva-

352 2007 501 2086 luerant,
534 2008 627 2093 quod
660 2028 788 2074 uxores
819 2011 969 2074 virorum
1003 2008 1169 2072 nobilium
1202 2009 1304 2090 regni

352 2115 388 2173 et
413 2109 503 2172 filias
524 2109 694 2173 violenter
717 2110 910 2191 opprimere
942 2116 978 2172 et
1001 2108 1129 2190 ubique
1152 2106 1303 2173 ludibrio

353 2208 488 2272 tradere
511 2216 817 2293 praesumpserunt,
839 2208 986 2272 accessit
1007 2208 1231 2290 perturbatus
1259 2207 1303 2270 ad

352 2325 467 2387 regem
490 2315 526 2371 et
542 2308 717 2390 querelam
741 2327 844 2390 super
866 2307 919 2371 his
941 2325 1057 2370 coram
1074 2325 1115 2369 eo
1131 2305 1304 2388 disposuit

350 2404 554 2488 luctuosam.
581 2438 584 2444 ¹
607 2407 706 2492 Tunc
729 2427 803 2482 rex,
824 2426 893 2471 non
916 2406 1133 2470 mediocriter
1148 2424 1302 2485 commo-

350 2510 419 2580 tuS,
435 2525 496 2584 per
513 2504 667 2586 ejusdem
684 2505 802 2569 Hunae
820 2505 1001 2571 consilium
1015 2506 1109 2567 misit
1129 2504 1251 2567 literas
1265 2504 1301 2567 in

350 2620 468 2670 omnes
486 2605 584 2682 regni
600 2605 696 2680 linea,
714 2605 883 2668 mandans
899 2605 1096 2667 nationibus
1115 2604 1300 2679 universiS,

349 2707 521 2779 quatenus
552 2703 616 2763 sub
642 2722 712 2766 una
738 2704 804 2779 die,
827 2705 862 2767 in
888 2705 977 2767 festo
1002 2703 1162 2768 videlicet
1188 2703 1302 2766 sancti

349 2797 456 2862 Bricii
475 2798 640 2882 episcopi,
658 2822 775 2866 omnes
794 2804 888 2867 Dani
910 2823 972 2885 per
986 2801 1151 2884 Angliam
1168 2803 1300 2866 eonsti-

348 2896 427 2974 tuti,
449 2899 563 2962 subito
590 2900 720 2983 impetu
743 2901 848 2978 lacto,
868 2901 970 2965 morti
994 2901 1224 2977 traderentur,
1248 2902 1299 2964 ita

347 3003 387 3059 ut
410 2998 505 3062 nullo
529 3001 716 3080 superstite
737 3001 839 3063 simul
865 3021 906 3063 ac
930 3000 1035 3063 semel
1061 3019 1162 3064 omne
1185 3019 1298 3081 genus

347 3093 540 3177 Anglorum
567 3099 855 3181 aboppressione
876 3101 1012 3163 Danica
1033 3099 1239 3163 liberaretur
1260 3101 1298 3161 in

347 3215 472 3259 aevum.
518 3196 644 3279 Sicque
662 3199 768 3275 Dani,
780 3200 839 3281 qui
853 3199 958 3280 paulo
974 3208 1055 3262 ante
1069 3218 1145 3262 cum
1156 3195 1297 3280 Anglis,

346 3295 465 3358 addito
476 3296 688 3377 juramento,
702 3297 840 3361 fuerant
855 3298 1081 3362 confoederati
1097 3305 1137 3361 ut
1153 3298 1298 3380 pacifice

345 3412 424 3456 cum
448 3394 516 3457 illis
538 3395 746 3473 habitarent,
763 3397 987 3480 opprobriose
1004 3398 1105 3460 nimis
1120 3406 1204 3460 sunt
1218 3416 1297 3479 per-

343 3495 451 3576 empti
476 3503 512 3557 et
534 3496 694 3560 mulieres
720 3517 798 3560 cum
831 3496 985 3578 parvulis
1013 3497 1058 3560 ad
1089 3505 1207 3579 postes
1234 3497 1298 3559 do-

343 3613 475 3657 morum
509 3595 619 3659 allisae
652 3597 785 3659 animas
819 3597 1060 3659 miserabiliter
1088 3595 1297 3659 effuderunt.

351 3840 354 3843 -
378 3804 730 3874 ¹Benedictus]theeighth.
761 3813 803 3860 He
831 3813 907 3861 riann.
944 3811 969 3859 lt
987 3812 1009 3858 is
1025 3812 1136 3861 inserted
1152 3812 1221 3874 here,
1238 3830 1296 3875 pro·

342 3875 401 3925 died
412 3879 438 3924 in
449 3877 512 3937 July
526 3882 597 3928 1⁰24.
831 3882 916 3942 bably,
933 3896 962 3929 aa
980 3882 1055 3943 being
1073 3881 1116 3929 the
1133 3885 1251 3932 occasion
1268 3884 1299 3933 οἱ

376 3943 451 3994 ’Hoc
462 3947 562 4009 deniquo
572 3950 656 4013 unm]
673 3950 727 3999 The
738 3966 804 3999 mae·
830 3951 872 4000 the
883 3965 990 4012 ravages
1002 3951 1075 4000 made
1087 3951 1120 4013 by
1131 3953 1225 4013 Sweyn
1241 3954 1294 4002 and

342 4029 413 4066 sacre
430 4017 459 4065 ol
472 4016 514 4065 the
527 4018 614 4067 Danes
625 4035 657 4067 on
668 4021 694 4068 S.
708 4016 804 4069 Brice’s
829 4019 871 4069 the
893 4021 981 4069 Danes
1004 4021 1029 4067 in
1052 4023 1125 4072 1⁰18.
1166 4022 1294 4084 Compare

342 4087 393 4148 day
412 4087 483 4151 (leth
504 4084 587 4154 Nov.)
604 4089 664 4136 took
682 4088 755 4147 place
777 4090 803 4136 in
829 4090 891 4138 with
902 4090 953 4138 this
970 4096 1077 4138 account
1087 4091 1155 4140 John
1168 4092 1294 4154 walling-

341 4155 383 4204 the
395 4172 456 4216 year
469 4162 541 4218 loon,
552 4173 581 4205 aa
592 4157 712 4205 recorded
724 4159 749 4205 in
760 4157 803 4206 the
829 4158 894 4218 sord,
920 4160 982 4209 edit.
1005 4160 1081 4221 Gale,
1109 4177 1134 4222 p.
1158 4165 1216 4224 54⁷,
1239 4163 1291 4211 aad

342 4226 403 4274 Sar.
416 4227 509 4277 Chron.
525 4226 574 4275 aad
591 4227 625 4286 by
636 4226 707 4274 other
724 4226 801 4277 histo·
829 4230 913 4291 Certe,
925 4229 994 4278 Hist.
1005 4231 1023 4279 i.
1035 4245 1061 4290 p.
1073 4234 1130 4280 8³6.
