<?xml version="1.0" encoding="UTF-8"?>
<!DOCTYPE html PUBLIC "-//W3C//DTD XHTML 1.0 Transitional//EN"
    "http://www.w3.org/TR/xhtml1/DTD/xhtml1-transitional.dtd">
<html xmlns="http://www.w3.org/1999/xhtml" xml:lang="en" lang="en">
 <head>
  <title>
</title>
<meta http-equiv="Content-Type" content="text/html;charset=utf-8" />
  <meta name='ocr-system' content='tesseract 3.04.00' />
  <meta name='ocr-capabilities' content='ocr_page ocr_carea ocr_par ocr_line ocrx_word'/>
</head>
<body>
  <div class='ocr_page' id='page_1' title='image "./rogeridewendove05rogegoog_0503.png"; bbox 0 0 3000 5004; ppageno 0'>
   <div class='ocr_carea' id='block_1_1' title="bbox 352 474 1048 539">
    <p class='ocr_par' dir='ltr' id='par_1_1' title="bbox 352 474 1048 539">
     <span class='ocr_line' id='line_1_1' title="bbox 352 474 1048 539; baseline -0.006 0"><span class='ocrx_word' id='word_1_1' title='bbox 352 474 419 539; x_wconf 85' lang='grc'>458</span> <span class='ocrx_word' id='word_1_2' title='bbox 610 486 744 534; x_wconf 78' lang='lat' dir='ltr'>aocnru</span> <span class='ocrx_word' id='word_1_3' title='bbox 769 485 816 532; x_wconf 86' lang='lat' dir='ltr'>nn</span> <span class='ocrx_word' id='word_1_4' title='bbox 840 485 1048 535; x_wconf 77' lang='lat' dir='ltr'>wannovna</span> 
     </span>
    </p>
   </div>
   <div class='ocr_carea' id='block_1_2' title="bbox 350 643 1313 2017">
    <p class='ocr_par' dir='ltr' id='par_1_2' title="bbox 350 643 1313 2017">
     <span class='ocr_line' id='line_1_2' title="bbox 353 643 1313 730; baseline 0.002 -19"><span class='ocrx_word' id='word_1_5' title='bbox 353 647 407 711; x_wconf 82' lang='lat' dir='ltr'>via</span> <span class='ocrx_word' id='word_1_6' title='bbox 436 646 551 711; x_wconf 91' lang='lat' dir='ltr'>insula</span> <span class='ocrx_word' id='word_1_7' title='bbox 578 645 613 709; x_wconf 93' lang='lat' dir='ltr'>in</span> <span class='ocrx_word' id='word_1_8' title='bbox 645 645 755 728; x_wconf 93' lang='lat' dir='ltr'>ipsius</span> <span class='ocrx_word' id='word_1_9' title='bbox 790 643 943 708; x_wconf 88' lang='lat' dir='ltr'>fluminis</span> <span class='ocrx_word' id='word_1_10' title='bbox 976 645 1089 710; x_wconf 86' lang='lat' dir='ltr'>medio</span> <span class='ocrx_word' id='word_1_11' title='bbox 1120 647 1205 725; x_wconf 89' lang='lat' dir='ltr'>sita,</span> <span class='ocrx_word' id='word_1_12' title='bbox 1233 667 1313 730; x_wconf 79' lang='lat' dir='ltr'>quae</span> 
     </span>
     <span class='ocr_line' id='line_1_3' title="bbox 355 740 1312 829; baseline 0.003 -20"><span class='ocrx_word' id='word_1_13' title='bbox 355 740 519 810; x_wconf 87' lang='lat' dir='ltr'>Oseneia¹</span> <span class='ocrx_word' id='word_1_14' title='bbox 549 744 758 829; x_wconf 85' lang='lat' dir='ltr'>appellatur,</span> <span class='ocrx_word' id='word_1_15' title='bbox 785 744 829 807; x_wconf 91' lang='lat' dir='ltr'>ad</span> <span class='ocrx_word' id='word_1_16' title='bbox 856 763 961 826; x_wconf 89' lang='lat' dir='ltr'>quam</span> <span class='ocrx_word' id='word_1_17' title='bbox 992 765 1091 827; x_wconf 88' lang='lat' dir='ltr'>reges</span> <span class='ocrx_word' id='word_1_18' title='bbox 1119 748 1312 812; x_wconf 85' lang='lat' dir='ltr'>transvecti</span> 
     </span>
     <span class='ocr_line' id='line_1_4' title="bbox 352 844 1312 930; baseline 0.002 -21"><span class='ocrx_word' id='word_1_19' title='bbox 352 844 638 929; x_wconf 83' lang='lat' dir='ltr'>splendidissimis</span> <span class='ocrx_word' id='word_1_20' title='bbox 669 851 900 928; x_wconf 87' lang='lat' dir='ltr'>proteguntur</span> <span class='ocrx_word' id='word_1_21' title='bbox 923 846 1041 921; x_wconf 88' lang='lat' dir='ltr'>armis,</span> <span class='ocrx_word' id='word_1_22' title='bbox 1064 846 1136 922; x_wconf 92' lang='lat' dir='ltr'>ubi,</span> <span class='ocrx_word' id='word_1_23' title='bbox 1160 855 1312 930; x_wconf 85' lang='lat' dir='ltr'>utroque</span> 
     </span>
     <span class='ocr_line' id='line_1_5' title="bbox 352 944 1310 1028; baseline 0.003 -20"><span class='ocrx_word' id='word_1_24' title='bbox 352 953 532 1028; x_wconf 73' lang='lat' dir='ltr'>spectante</span> <span class='ocrx_word' id='word_1_25' title='bbox 546 944 689 1027; x_wconf 91' lang='lat' dir='ltr'>populo,</span> <span class='ocrx_word' id='word_1_26' title='bbox 706 951 879 1007; x_wconf 91' lang='lat' dir='ltr'>certamen</span> <span class='ocrx_word' id='word_1_27' title='bbox 894 945 1018 1008; x_wconf 88' lang='lat' dir='ltr'>ineunt</span> <span class='ocrx_word' id='word_1_28' title='bbox 1033 944 1225 1026; x_wconf 86' lang='lat' dir='ltr'>singulare.</span> <span class='ocrx_word' id='word_1_29' title='bbox 1259 946 1310 1011; x_wconf 89' lang='lat' dir='ltr'>At</span> 
     </span>
     <span class='ocr_line' id='line_1_6' title="bbox 353 1044 1308 1127; baseline 0.002 -20"><span class='ocrx_word' id='word_1_30' title='bbox 353 1046 411 1109; x_wconf 92' lang='lat' dir='ltr'>ubi</span> <span class='ocrx_word' id='word_1_31' title='bbox 436 1045 615 1109; x_wconf 86' lang='lat' dir='ltr'>hastarum</span> <span class='ocrx_word' id='word_1_32' title='bbox 641 1045 748 1107; x_wconf 92' lang='lat' dir='ltr'>robur</span> <span class='ocrx_word' id='word_1_33' title='bbox 776 1050 848 1107; x_wconf 90' lang='lat' dir='ltr'>tam</span> <span class='ocrx_word' id='word_1_34' title='bbox 874 1044 1004 1108; x_wconf 85' lang='lat' dir='ltr'>virtute</span> <span class='ocrx_word' id='word_1_35' title='bbox 1031 1044 1308 1127; x_wconf 82' lang='lat' dir='ltr'>impungentium</span> 
     </span>
     <span class='ocr_line' id='line_1_7' title="bbox 353 1142 1309 1228; baseline 0.003 -22"><span class='ocrx_word' id='word_1_36' title='bbox 353 1164 487 1226; x_wconf 90' lang='lat' dir='ltr'>regum,</span> <span class='ocrx_word' id='word_1_37' title='bbox 513 1164 618 1227; x_wconf 90' lang='lat' dir='ltr'>quam</span> <span class='ocrx_word' id='word_1_38' title='bbox 644 1142 912 1207; x_wconf 79' lang='lat' dir='ltr'>fortissimorum</span> <span class='ocrx_word' id='word_1_39' title='bbox 940 1144 1080 1227; x_wconf 79' lang='lat' dir='ltr'>obJectu</span> <span class='ocrx_word' id='word_1_40' title='bbox 1106 1145 1309 1228; x_wconf 85' lang='lat' dir='ltr'>clypeorum</span> 
     </span>
     <span class='ocr_line' id='line_1_8' title="bbox 353 1242 1309 1326; baseline 0.004 -21"><span class='ocrx_word' id='word_1_41' title='bbox 353 1242 499 1326; x_wconf 87' lang='lat' dir='ltr'>deperit,</span> <span class='ocrx_word' id='word_1_42' title='bbox 523 1244 657 1307; x_wconf 86' lang='lat' dir='ltr'>eductis</span> <span class='ocrx_word' id='word_1_43' title='bbox 682 1243 821 1306; x_wconf 89' lang='lat' dir='ltr'>ensibus</span> <span class='ocrx_word' id='word_1_44' title='bbox 851 1261 928 1305; x_wconf 85' lang='lat' dir='ltr'>sese</span> <span class='ocrx_word' id='word_1_45' title='bbox 951 1243 1108 1306; x_wconf 87' lang='lat' dir='ltr'>cominus</span> <span class='ocrx_word' id='word_1_46' title='bbox 1132 1244 1309 1321; x_wconf 86' lang='lat' dir='ltr'>ferientes,</span> 
     </span>
     <span class='ocr_line' id='line_1_9' title="bbox 353 1341 1308 1424; baseline 0.003 -19"><span class='ocrx_word' id='word_1_47' title='bbox 353 1343 547 1424; x_wconf 82' lang='lat' dir='ltr'>acriterque</span> <span class='ocrx_word' id='word_1_48' title='bbox 563 1362 604 1405; x_wconf 90' lang='lat' dir='ltr'>ac</span> <span class='ocrx_word' id='word_1_49' title='bbox 621 1342 680 1405; x_wconf 92' lang='lat' dir='ltr'>din</span> <span class='ocrx_word' id='word_1_50' title='bbox 697 1361 775 1405; x_wconf 90' lang='lat' dir='ltr'>cum</span> <span class='ocrx_word' id='word_1_51' title='bbox 791 1341 917 1422; x_wconf 84' lang='lat' dir='ltr'>gladiis</span> <span class='ocrx_word' id='word_1_52' title='bbox 933 1362 1004 1405; x_wconf 90' lang='lat' dir='ltr'>rem</span> <span class='ocrx_word' id='word_1_53' title='bbox 1019 1350 1177 1424; x_wconf 89' lang='lat' dir='ltr'>agentes,</span> <span class='ocrx_word' id='word_1_54' title='bbox 1195 1345 1308 1408; x_wconf 89' lang='lat' dir='ltr'>virtus</span> 
     </span>
     <span class='ocr_line' id='line_1_10' title="bbox 354 1439 1309 1524; baseline 0.003 -19"><span class='ocrx_word' id='word_1_55' title='bbox 354 1441 608 1519; x_wconf 90' lang='lat' dir='ltr'>Eadmundum,</span> <span class='ocrx_word' id='word_1_56' title='bbox 625 1441 764 1505; x_wconf 84' lang='lat' dir='ltr'>fortuna</span> <span class='ocrx_word' id='word_1_57' title='bbox 780 1439 975 1504; x_wconf 81' lang='lat' dir='ltr'>cnutonem</span> <span class='ocrx_word' id='word_1_58' title='bbox 990 1443 1158 1524; x_wconf 86' lang='lat' dir='ltr'>protexit.</span> <span class='ocrx_word' id='word_1_59' title='bbox 1204 1442 1309 1508; x_wconf 78' lang='lat' dir='ltr'>circa</span> 
     </span>
     <span class='ocr_line' id='line_1_11' title="bbox 353 1540 1308 1623; baseline 0.003 -19"><span class='ocrx_word' id='word_1_60' title='bbox 353 1542 470 1623; x_wconf 88' lang='lat' dir='ltr'>capita</span> <span class='ocrx_word' id='word_1_61' title='bbox 493 1541 632 1623; x_wconf 86' lang='lat' dir='ltr'>galeata</span> <span class='ocrx_word' id='word_1_62' title='bbox 654 1560 754 1604; x_wconf 86' lang='lat' dir='ltr'>enses</span> <span class='ocrx_word' id='word_1_63' title='bbox 775 1540 942 1617; x_wconf 90' lang='lat' dir='ltr'>tinniunt,</span> <span class='ocrx_word' id='word_1_64' title='bbox 961 1559 1106 1622; x_wconf 90' lang='lat' dir='ltr'>quorum</span> <span class='ocrx_word' id='word_1_65' title='bbox 1126 1541 1308 1607; x_wconf 86' lang='lat' dir='ltr'>collisione</span> 
     </span>
     <span class='ocr_line' id='line_1_12' title="bbox 352 1639 1307 1723; baseline 0.005 -21"><span class='ocrx_word' id='word_1_66' title='bbox 352 1641 514 1705; x_wconf 88' lang='lat' dir='ltr'>scintillae</span> <span class='ocrx_word' id='word_1_67' title='bbox 536 1648 787 1723; x_wconf 81' lang='lat' dir='ltr'>prorumpunt3</span> <span class='ocrx_word' id='word_1_68' title='bbox 812 1640 870 1703; x_wconf 89' lang='lat' dir='ltr'>ubi</span> <span class='ocrx_word' id='word_1_69' title='bbox 887 1659 970 1704; x_wconf 88' lang='lat' dir='ltr'>vero</span> <span class='ocrx_word' id='word_1_70' title='bbox 996 1639 1081 1703; x_wconf 92' lang='lat' dir='ltr'>illud</span> <span class='ocrx_word' id='word_1_71' title='bbox 1104 1643 1307 1706; x_wconf 86' lang='lat' dir='ltr'>robustissi-</span> 
     </span>
     <span class='ocr_line' id='line_1_13' title="bbox 352 1737 1307 1821; baseline 0.005 -20"><span class='ocrx_word' id='word_1_72' title='bbox 352 1759 444 1801; x_wconf 90' lang='lat' dir='ltr'>mum</span> <span class='ocrx_word' id='word_1_73' title='bbox 471 1748 593 1820; x_wconf 88' lang='lat' dir='ltr'>pectus</span> <span class='ocrx_word' id='word_1_74' title='bbox 620 1737 814 1802; x_wconf 88' lang='lat' dir='ltr'>Eadmundi</span> <span class='ocrx_word' id='word_1_75' title='bbox 849 1759 895 1802; x_wconf 85' lang='lat' dir='ltr'>ex</span> <span class='ocrx_word' id='word_1_76' title='bbox 926 1740 1003 1821; x_wconf 92' lang='lat' dir='ltr'>ipso</span> <span class='ocrx_word' id='word_1_77' title='bbox 1028 1740 1180 1804; x_wconf 90' lang='lat' dir='ltr'>bellandi</span> <span class='ocrx_word' id='word_1_78' title='bbox 1208 1750 1307 1806; x_wconf 91' lang='lat' dir='ltr'>motu</span> 
     </span>
     <span class='ocr_line' id='line_1_14' title="bbox 350 1837 1307 1920; baseline 0.005 -20"><span class='ocrx_word' id='word_1_79' title='bbox 350 1837 404 1901; x_wconf 86' lang='lat' dir='ltr'>ira</span> <span class='ocrx_word' id='word_1_80' title='bbox 429 1838 660 1916; x_wconf 86' lang='lat' dir='ltr'>succenditur,</span> <span class='ocrx_word' id='word_1_81' title='bbox 685 1846 721 1902; x_wconf 92' lang='lat' dir='ltr'>et</span> <span class='ocrx_word' id='word_1_82' title='bbox 746 1839 916 1920; x_wconf 90' lang='lat' dir='ltr'>sanguine</span> <span class='ocrx_word' id='word_1_83' title='bbox 938 1838 1168 1904; x_wconf 85' lang='lat' dir='ltr'>incalescente</span> <span class='ocrx_word' id='word_1_84' title='bbox 1190 1841 1307 1906; x_wconf 88' lang='lat' dir='ltr'>factus</span> 
     </span>
     <span class='ocr_line' id='line_1_15' title="bbox 352 1937 1307 2017; baseline 0.005 -16"><span class='ocrx_word' id='word_1_85' title='bbox 352 1945 406 2001; x_wconf 89' lang='lat' dir='ltr'>est</span> <span class='ocrx_word' id='word_1_86' title='bbox 434 1938 619 2014; x_wconf 90' lang='lat' dir='ltr'>robustior,</span> <span class='ocrx_word' id='word_1_87' title='bbox 651 1937 811 2001; x_wconf 81' lang='lat' dir='ltr'>dextram</span> <span class='ocrx_word' id='word_1_88' title='bbox 843 1937 950 2016; x_wconf 88' lang='lat' dir='ltr'>levat,</span> <span class='ocrx_word' id='word_1_89' title='bbox 978 1958 1095 2002; x_wconf 90' lang='lat' dir='ltr'>ensem</span> <span class='ocrx_word' id='word_1_90' title='bbox 1118 1939 1249 2017; x_wconf 84' lang='lat' dir='ltr'>vibrat,</span> <span class='ocrx_word' id='word_1_91' title='bbox 1272 1950 1307 2006; x_wconf 90' lang='lat' dir='ltr'>et</span> 
     </span>
    </p>
   </div>
   <div class='ocr_carea' id='block_1_3' title="bbox 351 2035 1305 2518">
    <p class='ocr_par' dir='ltr' id='par_1_3' title="bbox 351 2035 1305 2518">
     <span class='ocr_line' id='line_1_16' title="bbox 352 2035 1305 2122; baseline 0.004 -21"><span class='ocrx_word' id='word_1_92' title='bbox 352 2044 452 2101; x_wconf 88' lang='lat' dir='ltr'>tanta</span> <span class='ocrx_word' id='word_1_93' title='bbox 470 2035 688 2101; x_wconf 84' lang='lat' dir='ltr'>vehementia</span> <span class='ocrx_word' id='word_1_94' title='bbox 709 2038 745 2101; x_wconf 93' lang='lat' dir='ltr'>in</span> <span class='ocrx_word' id='word_1_95' title='bbox 768 2044 875 2119; x_wconf 85' lang='lat' dir='ltr'>caput</span> <span class='ocrx_word' id='word_1_96' title='bbox 896 2037 1067 2102; x_wconf 88' lang='lat' dir='ltr'>obstantis</span> <span class='ocrx_word' id='word_1_97' title='bbox 1091 2039 1181 2103; x_wconf 88' lang='lat' dir='ltr'>ictus</span> <span class='ocrx_word' id='word_1_98' title='bbox 1206 2041 1305 2122; x_wconf 90' lang='lat' dir='ltr'>inge-</span> 
     </span>
     <span class='ocr_line' id='line_1_17' title="bbox 351 2136 1305 2219; baseline 0.004 -19"><span class='ocrx_word' id='word_1_99' title='bbox 351 2137 472 2213; x_wconf 90' lang='lat' dir='ltr'>minat,</span> <span class='ocrx_word' id='word_1_100' title='bbox 489 2145 529 2200; x_wconf 93' lang='lat' dir='ltr'>ut</span> <span class='ocrx_word' id='word_1_101' title='bbox 547 2136 730 2201; x_wconf 83' lang='lat' dir='ltr'>fulminare</span> <span class='ocrx_word' id='word_1_102' title='bbox 751 2137 989 2219; x_wconf 90' lang='lat' dir='ltr'>potiusquam</span> <span class='ocrx_word' id='word_1_103' title='bbox 1013 2145 1193 2219; x_wconf 88' lang='lat' dir='ltr'>percutere</span> <span class='ocrx_word' id='word_1_104' title='bbox 1209 2139 1305 2204; x_wconf 84' lang='lat' dir='ltr'>vide-</span> 
     </span>
     <span class='ocr_line' id='line_1_18' title="bbox 351 2235 1304 2317; baseline 0.003 -16"><span class='ocrx_word' id='word_1_105' title='bbox 351 2245 442 2301; x_wconf 88' lang='lat' dir='ltr'>atur.</span> <span class='ocrx_word' id='word_1_106' title='bbox 494 2235 654 2300; x_wconf 88' lang='lat' dir='ltr'>Sentiens</span> <span class='ocrx_word' id='word_1_107' title='bbox 685 2255 768 2317; x_wconf 91' lang='lat' dir='ltr'>ergo</span> <span class='ocrx_word' id='word_1_108' title='bbox 791 2235 908 2300; x_wconf 88' lang='lat' dir='ltr'>Cnuto</span> <span class='ocrx_word' id='word_1_109' title='bbox 933 2237 999 2299; x_wconf 91' lang='lat' dir='ltr'>sibi</span> <span class='ocrx_word' id='word_1_110' title='bbox 1025 2237 1116 2302; x_wconf 86' lang='lat' dir='ltr'>vires</span> <span class='ocrx_word' id='word_1_111' title='bbox 1145 2237 1304 2316; x_wconf 86' lang='lat' dir='ltr'>deficere,</span> 
     </span>
     <span class='ocr_line' id='line_1_19' title="bbox 351 2335 1304 2419; baseline 0.005 -20"><span class='ocrx_word' id='word_1_112' title='bbox 351 2355 457 2419; x_wconf 84' lang='lat' dir='ltr'>seque</span> <span class='ocrx_word' id='word_1_113' title='bbox 480 2336 568 2400; x_wconf 89' lang='lat' dir='ltr'>tales</span> <span class='ocrx_word' id='word_1_114' title='bbox 590 2336 739 2417; x_wconf 92' lang='lat' dir='ltr'>impetus</span> <span class='ocrx_word' id='word_1_115' title='bbox 756 2335 815 2399; x_wconf 95' lang='lat' dir='ltr'>diu</span> <span class='ocrx_word' id='word_1_116' title='bbox 830 2335 999 2400; x_wconf 86' lang='lat' dir='ltr'>sustinere</span> <span class='ocrx_word' id='word_1_117' title='bbox 1020 2355 1089 2400; x_wconf 92' lang='lat' dir='ltr'>non</span> <span class='ocrx_word' id='word_1_118' title='bbox 1111 2356 1227 2419; x_wconf 91' lang='lat' dir='ltr'>posse,</span> <span class='ocrx_word' id='word_1_119' title='bbox 1246 2359 1304 2404; x_wconf 90' lang='lat' dir='ltr'>co·</span> 
     </span>
     <span class='ocr_line' id='line_1_20' title="bbox 351 2433 1304 2518; baseline 0.006 -20"><span class='ocrx_word' id='word_1_120' title='bbox 351 2436 441 2517; x_wconf 88' lang='lat' dir='ltr'>gitat</span> <span class='ocrx_word' id='word_1_121' title='bbox 465 2433 508 2498; x_wconf 91' lang='lat' dir='ltr'>de</span> <span class='ocrx_word' id='word_1_122' title='bbox 534 2453 621 2517; x_wconf 89' lang='lat' dir='ltr'>pace</span> <span class='ocrx_word' id='word_1_123' title='bbox 642 2435 809 2518; x_wconf 88' lang='lat' dir='ltr'>juvenem</span> <span class='ocrx_word' id='word_1_124' title='bbox 828 2435 1034 2514; x_wconf 88' lang='lat' dir='ltr'>convenire;</span> <span class='ocrx_word' id='word_1_125' title='bbox 1065 2436 1139 2514; x_wconf 88' lang='lat' dir='ltr'>sed,</span> <span class='ocrx_word' id='word_1_126' title='bbox 1162 2445 1202 2500; x_wconf 94' lang='lat' dir='ltr'>ut</span> <span class='ocrx_word' id='word_1_127' title='bbox 1228 2447 1304 2504; x_wconf 84' lang='lat' dir='ltr'>erut</span> 
     </span>
    </p>
   </div>
   <div class='ocr_carea' id='block_1_4' title="bbox 342 2533 1345 4108">
    <p class='ocr_par' dir='ltr' id='par_1_4' title="bbox 342 2533 1345 4108">
     <span class='ocr_line' id='line_1_21' title="bbox 349 2533 1304 2618; baseline 0.006 -22"><span class='ocrx_word' id='word_1_128' title='bbox 349 2541 499 2611; x_wconf 88' lang='lat' dir='ltr'>astutus,</span> <span class='ocrx_word' id='word_1_129' title='bbox 523 2535 649 2598; x_wconf 90' lang='lat' dir='ltr'>timens</span> <span class='ocrx_word' id='word_1_130' title='bbox 671 2554 727 2611; x_wconf 91' lang='lat' dir='ltr'>ne,</span> <span class='ocrx_word' id='word_1_131' title='bbox 751 2535 782 2597; x_wconf 89' lang='lat' dir='ltr'>si</span> <span class='ocrx_word' id='word_1_132' title='bbox 805 2533 959 2598; x_wconf 84' lang='lat' dir='ltr'>defectus</span> <span class='ocrx_word' id='word_1_133' title='bbox 981 2534 1035 2598; x_wconf 91' lang='lat' dir='ltr'>sni</span> <span class='ocrx_word' id='word_1_134' title='bbox 1053 2535 1178 2618; x_wconf 84' lang='lat' dir='ltr'>juveni</span> <span class='ocrx_word' id='word_1_135' title='bbox 1202 2537 1304 2602; x_wconf 90' lang='lat' dir='ltr'>inno-</span> 
     </span>
     <span class='ocr_line' id='line_1_22' title="bbox 350 2633 1302 2717; baseline 0.006 -22"><span class='ocrx_word' id='word_1_136' title='bbox 350 2640 533 2717; x_wconf 72' lang='lat' dir='ltr'>tescercnt,</span> <span class='ocrx_word' id='word_1_137' title='bbox 548 2633 645 2714; x_wconf 89' lang='lat' dir='ltr'>pacis</span> <span class='ocrx_word' id='word_1_138' title='bbox 661 2635 803 2697; x_wconf 89' lang='lat' dir='ltr'>verbum</span> <span class='ocrx_word' id='word_1_139' title='bbox 818 2653 887 2696; x_wconf 93' lang='lat' dir='ltr'>non</span> <span class='ocrx_word' id='word_1_140' title='bbox 910 2633 1057 2711; x_wconf 88' lang='lat' dir='ltr'>audiret,</span> <span class='ocrx_word' id='word_1_141' title='bbox 1075 2642 1186 2699; x_wconf 91' lang='lat' dir='ltr'>totum</span> <span class='ocrx_word' id='word_1_142' title='bbox 1209 2637 1302 2702; x_wconf 89' lang='lat' dir='ltr'>intra</span> 
     </span>
     <span class='ocr_line' id='line_1_23' title="bbox 348 2730 1301 2815; baseline 0.005 -20"><span class='ocrx_word' id='word_1_143' title='bbox 348 2751 387 2795; x_wconf 89' lang='lat' dir='ltr'>se</span> <span class='ocrx_word' id='word_1_144' title='bbox 406 2751 505 2795; x_wconf 91' lang='lat' dir='ltr'>suum</span> <span class='ocrx_word' id='word_1_145' title='bbox 523 2730 729 2813; x_wconf 84' lang='lat' dir='ltr'>recolligens</span> <span class='ocrx_word' id='word_1_146' title='bbox 749 2733 920 2815; x_wconf 89' lang='lat' dir='ltr'>spiritum,</span> <span class='ocrx_word' id='word_1_147' title='bbox 936 2733 1085 2796; x_wconf 91' lang='lat' dir='ltr'>mirabili</span> <span class='ocrx_word' id='word_1_148' title='bbox 1101 2735 1231 2799; x_wconf 90' lang='lat' dir='ltr'>virtute</span> <span class='ocrx_word' id='word_1_149' title='bbox 1255 2736 1301 2799; x_wconf 88' lang='lat' dir='ltr'>ir·</span> 
     </span>
     <span class='ocr_line' id='line_1_24' title="bbox 348 2831 1302 2915; baseline 0.007 -22"><span class='ocrx_word' id='word_1_150' title='bbox 348 2832 419 2894; x_wconf 91' lang='lat' dir='ltr'>ruit</span> <span class='ocrx_word' id='word_1_151' title='bbox 442 2831 477 2894; x_wconf 95' lang='lat' dir='ltr'>in</span> <span class='ocrx_word' id='word_1_152' title='bbox 501 2831 756 2909; x_wconf 85' lang='lat' dir='ltr'>Eadmundum,</span> <span class='ocrx_word' id='word_1_153' title='bbox 779 2840 815 2896; x_wconf 89' lang='lat' dir='ltr'>ct</span> <span class='ocrx_word' id='word_1_154' title='bbox 840 2852 923 2896; x_wconf 81' lang='lat' dir='ltr'>mox</span> <span class='ocrx_word' id='word_1_155' title='bbox 949 2853 987 2896; x_wconf 88' lang='lat' dir='ltr'>se</span> <span class='ocrx_word' id='word_1_156' title='bbox 1012 2833 1191 2915; x_wconf 90' lang='lat' dir='ltr'>paululum</span> <span class='ocrx_word' id='word_1_157' title='bbox 1218 2837 1302 2900; x_wconf 89' lang='lat' dir='ltr'>sub·</span> 
     </span>
     <span class='ocr_line' id='line_1_25' title="bbox 348 2931 1301 3015; baseline 0.006 -21"><span class='ocrx_word' id='word_1_158' title='bbox 348 2931 501 3009; x_wconf 86' lang='lat' dir='ltr'>trahens,</span> <span class='ocrx_word' id='word_1_159' title='bbox 514 2938 618 3012; x_wconf 90' lang='lat' dir='ltr'>rogat</span> <span class='ocrx_word' id='word_1_160' title='bbox 630 2932 801 2995; x_wconf 89' lang='lat' dir='ltr'>sustinere</span> <span class='ocrx_word' id='word_1_161' title='bbox 815 2932 986 2995; x_wconf 91' lang='lat' dir='ltr'>modicum</span> <span class='ocrx_word' id='word_1_162' title='bbox 1003 2939 1039 2995; x_wconf 88' lang='lat' dir='ltr'>et</span> <span class='ocrx_word' id='word_1_163' title='bbox 1051 2934 1117 2996; x_wconf 91' lang='lat' dir='ltr'>sibi</span> <span class='ocrx_word' id='word_1_164' title='bbox 1130 2943 1301 3015; x_wconf 86' lang='lat' dir='ltr'>praestare</span> 
     </span>
     <span class='ocr_line' id='line_1_26' title="bbox 347 3030 1345 3107; baseline 0.005 -14"><span class='ocrx_word' id='word_1_165' title='bbox 347 3032 516 3095; x_wconf 89' lang='lat' dir='ltr'>auditum.</span> <span class='ocrx_word' id='word_1_166' title='bbox 568 3030 647 3107; x_wconf 91' lang='lat' dir='ltr'>Ille,</span> <span class='ocrx_word' id='word_1_167' title='bbox 664 3039 703 3095; x_wconf 92' lang='lat' dir='ltr'>ut</span> <span class='ocrx_word' id='word_1_168' title='bbox 719 3038 796 3094; x_wconf 86' lang='lat' dir='ltr'>erat</span> <span class='ocrx_word' id='word_1_169' title='bbox 810 3032 929 3095; x_wconf 86' lang='lat' dir='ltr'>suavis</span> <span class='ocrx_word' id='word_1_170' title='bbox 945 3030 1073 3107; x_wconf 88' lang='lat' dir='ltr'>anima,</span> <span class='ocrx_word' id='word_1_171' title='bbox 1090 3031 1241 3097; x_wconf 90' lang='lat' dir='ltr'>demisso</span> <span class='ocrx_word' id='word_1_172' title='bbox 1264 3037 1300 3098; x_wconf 92' lang='lat' dir='ltr'>in</span> <span class='ocrx_word' id='word_1_173' title='bbox 1342 3080 1345 3085; x_wconf 90' lang='lat'>-</span> 
     </span>
     <span class='ocr_line' id='line_1_27' title="bbox 347 3129 1298 3214; baseline 0.005 -21"><span class='ocrx_word' id='word_1_174' title='bbox 347 3137 441 3194; x_wconf 89' lang='lat' dir='ltr'>terra</span> <span class='ocrx_word' id='word_1_175' title='bbox 461 3130 596 3214; x_wconf 85' lang='lat' dir='ltr'>clypeo,</span> <span class='ocrx_word' id='word_1_176' title='bbox 612 3131 655 3193; x_wconf 90' lang='lat' dir='ltr'>ad</span> <span class='ocrx_word' id='word_1_177' title='bbox 674 3131 778 3194; x_wconf 90' lang='lat' dir='ltr'>verba</span> <span class='ocrx_word' id='word_1_178' title='bbox 794 3129 964 3194; x_wconf 83' lang='lat' dir='ltr'>Cnutonis</span> <span class='ocrx_word' id='word_1_179' title='bbox 984 3131 1145 3208; x_wconf 91' lang='lat' dir='ltr'>intendit,</span> <span class='ocrx_word' id='word_1_180' title='bbox 1168 3139 1179 3167; x_wconf 92' lang='lat'>‘</span> <span class='ocrx_word' id='word_1_181' title='bbox 1198 3133 1298 3198; x_wconf 87' lang='lat' dir='ltr'>Hac·</span> 
     </span>
     <span class='ocr_line' id='line_1_28' title="bbox 347 3229 1300 3312; baseline 0.004 -20"><span class='ocrx_word' id='word_1_182' title='bbox 347 3230 472 3305; x_wconf 89' lang='lat' dir='ltr'>tenus,&#39;</span> <span class='ocrx_word' id='word_1_183' title='bbox 486 3230 612 3312; x_wconf 90' lang='lat' dir='ltr'>inquit,</span> <span class='ocrx_word' id='word_1_184' title='bbox 630 3229 751 3311; x_wconf 91' lang='lat' dir='ltr'>‘regni</span> <span class='ocrx_word' id='word_1_185' title='bbox 765 3230 818 3293; x_wconf 89' lang='lat' dir='ltr'>tui</span> <span class='ocrx_word' id='word_1_186' title='bbox 835 3230 981 3311; x_wconf 90' lang='lat' dir='ltr'>cupidus</span> <span class='ocrx_word' id='word_1_187' title='bbox 993 3229 1054 3307; x_wconf 86' lang='lat' dir='ltr'>fui,</span> <span class='ocrx_word' id='word_1_188' title='bbox 1065 3230 1216 3296; x_wconf 88' lang='lat' dir='ltr'>virorum</span> <span class='ocrx_word' id='word_1_189' title='bbox 1228 3233 1300 3296; x_wconf 88' lang='lat' dir='ltr'>for-</span> 
     </span>
     <span class='ocr_line' id='line_1_29' title="bbox 346 3327 1298 3410; baseline 0.004 -18"><span class='ocrx_word' id='word_1_190' title='bbox 346 3329 491 3406; x_wconf 90' lang='lat' dir='ltr'>tissime,</span> <span class='ocrx_word' id='word_1_191' title='bbox 507 3348 609 3409; x_wconf 92' lang='lat' dir='ltr'>quem</span> <span class='ocrx_word' id='word_1_192' title='bbox 626 3349 695 3392; x_wconf 93' lang='lat' dir='ltr'>non</span> <span class='ocrx_word' id='word_1_193' title='bbox 715 3328 827 3392; x_wconf 91' lang='lat' dir='ltr'>solum</span> <span class='ocrx_word' id='word_1_194' title='bbox 842 3348 949 3409; x_wconf 91' lang='lat' dir='ltr'>regno</span> <span class='ocrx_word' id='word_1_195' title='bbox 963 3327 1117 3410; x_wconf 85' lang='lat' dir='ltr'>Angliae,</span> <span class='ocrx_word' id='word_1_196' title='bbox 1132 3331 1193 3394; x_wconf 89' lang='lat' dir='ltr'>sed</span> <span class='ocrx_word' id='word_1_197' title='bbox 1218 3334 1298 3396; x_wconf 93' lang='lat' dir='ltr'>uni·</span> 
     </span>
     <span class='ocr_line' id='line_1_30' title="bbox 345 3427 1299 3513; baseline 0.004 -21"><span class='ocrx_word' id='word_1_198' title='bbox 345 3448 447 3492; x_wconf 85' lang='lat' dir='ltr'>verso</span> <span class='ocrx_word' id='word_1_199' title='bbox 472 3429 547 3491; x_wconf 89' lang='lat' dir='ltr'>orbi</span> <span class='ocrx_word' id='word_1_200' title='bbox 567 3428 700 3510; x_wconf 90' lang='lat' dir='ltr'>judicio</span> <span class='ocrx_word' id='word_1_201' title='bbox 725 3427 988 3511; x_wconf 84' lang='lat' dir='ltr'>praeferendum,</span> <span class='ocrx_word' id='word_1_202' title='bbox 1018 3448 1110 3493; x_wconf 90' lang='lat' dir='ltr'>nunc</span> <span class='ocrx_word' id='word_1_203' title='bbox 1139 3431 1299 3513; x_wconf 85' lang='lat' dir='ltr'>cupidior</span> 
     </span>
     <span class='ocr_line' id='line_1_31' title="bbox 345 3527 1298 3609; baseline 0.007 -20"><span class='ocrx_word' id='word_1_204' title='bbox 345 3528 396 3590; x_wconf 93' lang='lat' dir='ltr'>tui</span> <span class='ocrx_word' id='word_1_205' title='bbox 429 3548 504 3591; x_wconf 92' lang='lat' dir='ltr'>sum</span> <span class='ocrx_word' id='word_1_206' title='bbox 528 3546 633 3609; x_wconf 88' lang='lat' dir='ltr'>quam</span> <span class='ocrx_word' id='word_1_207' title='bbox 660 3529 784 3608; x_wconf 90' lang='lat' dir='ltr'>regni;</span> <span class='ocrx_word' id='word_1_208' title='bbox 816 3527 900 3591; x_wconf 93' lang='lat' dir='ltr'>mibi</span> <span class='ocrx_word' id='word_1_209' title='bbox 924 3528 1037 3592; x_wconf 91' lang='lat' dir='ltr'>Dacia</span> <span class='ocrx_word' id='word_1_210' title='bbox 1067 3531 1188 3607; x_wconf 87' lang='lat' dir='ltr'>servit,</span> <span class='ocrx_word' id='word_1_211' title='bbox 1212 3531 1298 3596; x_wconf 89' lang='lat' dir='ltr'>mihi</span> 
     </span>
     <span class='ocr_line' id='line_1_32' title="bbox 344 3626 1298 3709; baseline 0.005 -19"><span class='ocrx_word' id='word_1_212' title='bbox 344 3626 533 3709; x_wconf 88' lang='lat' dir='ltr'>Norwegia</span> <span class='ocrx_word' id='word_1_213' title='bbox 549 3627 752 3704; x_wconf 90' lang='lat' dir='ltr'>succumbit,</span> <span class='ocrx_word' id='word_1_214' title='bbox 769 3627 853 3690; x_wconf 92' lang='lat' dir='ltr'>mibi</span> <span class='ocrx_word' id='word_1_215' title='bbox 874 3647 937 3691; x_wconf 85' lang='lat' dir='ltr'>rex</span> <span class='ocrx_word' id='word_1_216' title='bbox 955 3626 1148 3691; x_wconf 86' lang='lat' dir='ltr'>Suanorum</span> <span class='ocrx_word' id='word_1_217' title='bbox 1171 3649 1298 3695; x_wconf 89' lang='lat' dir='ltr'>manns</span> 
     </span>
     <span class='ocr_line' id='line_1_33' title="bbox 343 3726 1296 3810; baseline 0.005 -21"><span class='ocrx_word' id='word_1_218' title='bbox 343 3726 449 3803; x_wconf 91' lang='lat' dir='ltr'>dedit,</span> <span class='ocrx_word' id='word_1_219' title='bbox 480 3727 643 3808; x_wconf 88' lang='lat' dir='ltr'>quocirca</span> <span class='ocrx_word' id='word_1_220' title='bbox 668 3726 751 3789; x_wconf 86' lang='lat' dir='ltr'>licet</span> <span class='ocrx_word' id='word_1_221' title='bbox 778 3745 832 3790; x_wconf 92' lang='lat' dir='ltr'>me</span> <span class='ocrx_word' id='word_1_222' title='bbox 856 3727 1023 3791; x_wconf 88' lang='lat' dir='ltr'>victorem</span> <span class='ocrx_word' id='word_1_223' title='bbox 1048 3728 1176 3810; x_wconf 92' lang='lat' dir='ltr'>ubique</span> <span class='ocrx_word' id='word_1_224' title='bbox 1200 3730 1296 3794; x_wconf 86' lang='lat' dir='ltr'>sntn·</span> 
     </span>
     <span class='ocr_line' id='line_1_34' title="bbox 342 3824 1296 3908; baseline 0.007 -22"><span class='ocrx_word' id='word_1_225' title='bbox 342 3844 419 3887; x_wconf 92' lang='lat' dir='ltr'>rum</span> <span class='ocrx_word' id='word_1_226' title='bbox 437 3824 576 3889; x_wconf 84' lang='lat' dir='ltr'>fortuna</span> <span class='ocrx_word' id='word_1_227' title='bbox 597 3825 804 3908; x_wconf 88' lang='lat' dir='ltr'>promiserit,</span> <span class='ocrx_word' id='word_1_228' title='bbox 827 3826 877 3889; x_wconf 90' lang='lat' dir='ltr'>ita</span> <span class='ocrx_word' id='word_1_229' title='bbox 893 3834 1009 3891; x_wconf 89' lang='lat' dir='ltr'>tamen</span> <span class='ocrx_word' id='word_1_230' title='bbox 1031 3833 1094 3891; x_wconf 86' lang='lat' dir='ltr'>tua</span> <span class='ocrx_word' id='word_1_231' title='bbox 1113 3847 1167 3892; x_wconf 92' lang='lat' dir='ltr'>mc</span> <span class='ocrx_word' id='word_1_232' title='bbox 1189 3831 1296 3893; x_wconf 91' lang='lat' dir='ltr'>mira-</span> 
     </span>
     <span class='ocr_line' id='line_1_35' title="bbox 342 3923 1294 4009; baseline 0.008 -23"><span class='ocrx_word' id='word_1_233' title='bbox 342 3923 421 3986; x_wconf 90' lang='lat' dir='ltr'>bilis</span> <span class='ocrx_word' id='word_1_234' title='bbox 436 3925 591 4007; x_wconf 88' lang='lat' dir='ltr'>probitas</span> <span class='ocrx_word' id='word_1_235' title='bbox 608 3926 721 3989; x_wconf 84' lang='lat' dir='ltr'>illexit</span> <span class='ocrx_word' id='word_1_236' title='bbox 738 3925 781 3988; x_wconf 93' lang='lat' dir='ltr'>ad</span> <span class='ocrx_word' id='word_1_237' title='bbox 798 3926 958 4007; x_wconf 85' lang='lat' dir='ltr'>gratiam,</span> <span class='ocrx_word' id='word_1_238' title='bbox 976 3935 1139 4009; x_wconf 87' lang='lat' dir='ltr'>utsupra</span> <span class='ocrx_word' id='word_1_239' title='bbox 1154 3928 1294 3994; x_wconf 92' lang='lat' dir='ltr'>modum</span> 
     </span>
     <span class='ocr_line' id='line_1_36' title="bbox 342 4025 1294 4108; baseline 0.005 -20"><span class='ocrx_word' id='word_1_240' title='bbox 342 4032 376 4088; x_wconf 90' lang='lat' dir='ltr'>te</span> <span class='ocrx_word' id='word_1_241' title='bbox 402 4032 437 4088; x_wconf 93' lang='lat' dir='ltr'>et</span> <span class='ocrx_word' id='word_1_242' title='bbox 461 4025 605 4088; x_wconf 89' lang='lat' dir='ltr'>amicum</span> <span class='ocrx_word' id='word_1_243' title='bbox 630 4026 768 4107; x_wconf 89' lang='lat' dir='ltr'>cupiam</span> <span class='ocrx_word' id='word_1_244' title='bbox 790 4032 825 4089; x_wconf 86' lang='lat' dir='ltr'>et</span> <span class='ocrx_word' id='word_1_245' title='bbox 850 4045 1036 4108; x_wconf 88' lang='lat' dir='ltr'>regnorum</span> <span class='ocrx_word' id='word_1_246' title='bbox 1061 4027 1187 4091; x_wconf 86' lang='lat' dir='ltr'>babere</span> <span class='ocrx_word' id='word_1_247' title='bbox 1211 4049 1294 4093; x_wconf 91' lang='lat' dir='ltr'>con-</span> 
     </span>
    </p>
   </div>
   <div class='ocr_carea' id='block_1_5' title="bbox 338 4190 551 4202">
    <p class='ocr_par' dir='ltr' id='par_1_5' title="bbox 338 4190 551 4202">
     <span class='ocr_line' id='line_1_37' title="bbox 338 4190 551 4202; baseline 0.009 -5"><span class='ocrx_word' id='word_1_248' title='bbox 338 4190 551 4202; x_wconf 41' lang='lat' dir='ltr'>*Q—</span> 
     </span>
    </p>
   </div>
   <div class='ocr_carea' id='block_1_6' title="bbox 574 4276 1080 4341">
    <p class='ocr_par' dir='ltr' id='par_1_6' title="bbox 574 4276 1080 4341">
     <span class='ocr_line' id='line_1_38' title="bbox 574 4276 1080 4341; baseline 0.002 -15"><span class='ocrx_word' id='word_1_249' title='bbox 574 4276 699 4341; x_wconf 65' lang='lat' dir='ltr'>omem]</span> <span class='ocrx_word' id='word_1_250' title='bbox 716 4277 758 4326; x_wconf 90' lang='lat' dir='ltr'>On</span> <span class='ocrx_word' id='word_1_251' title='bbox 770 4277 813 4326; x_wconf 86' lang='lat' dir='ltr'>tho</span> <span class='ocrx_word' id='word_1_252' title='bbox 825 4276 934 4340; x_wconf 81' lang='lat' dir='ltr'>margin,</span> <span class='ocrx_word' id='word_1_253' title='bbox 944 4278 951 4305; x_wconf 89' lang='lat'>‘</span> <span class='ocrx_word' id='word_1_254' title='bbox 961 4278 1080 4339; x_wconf 75' lang='lat' dir='ltr'>olneya:</span> 
     </span>
    </p>
   </div>
   <div class='ocr_carea' id='block_1_7' title="bbox 0 0 1504 5004">
    <p class='ocr_par' dir='ltr' id='par_1_7' title="bbox 0 0 1504 5004">
     <span class='ocr_line' id='line_1_39' title="bbox 0 0 1504 5004; baseline 0 5"><span class='ocrx_word' id='word_1_255' title='bbox 0 0 1504 5004; x_wconf 95' lang='lat' dir='ltr'> </span> 
     </span>
    </p>
   </div>
  </div>
 </body>
</html>
