3000 5004
192 925 248 965 An.
257 926 301 964 948.

192 975 299 1015 Northem

192 1024 320 1074 expedition.

191 2091 261 2132 Death
269 2092 294 2130 ot

191 2142 311 2183 Eadmund.

350 482 434 570 398Ι
606 492 741 540 nouum
766 491 813 538 nu
837 487 1044 537 wnuoovnn

531 677 572 741 Ut
587 698 640 739 rou
655 675 864 739 Eodruuodus
881 671 1061 737 Cantabriam
1077 673 1142 758 rupi

678 777 836 840 Scotorum
851 773 979 837 dederit.

404 900 508 965 Anno
523 901 663 964 Domini
679 915 895 963 ncccoxnvr.
908 891 1108 979 ¹Agapetus
1125 895 1216 962 sedit
1234 895 1307 961 Ro·

355 1021 421 1064 mae
446 1001 547 1064 annis
562 999 692 1077 decem,
710 998 885 1062 mensibus
907 1016 972 1060 sex
986 1005 1022 1061 et
1039 996 1160 1060 diebus
1176 997 1306 1061 decem.

356 1099 487 1165 Eodem
509 1119 601 1164 anno
621 1119 684 1162 rex
705 1097 942 1173 EadmunduS‚
956 1089 1147 1180 ²adjutorio
1171 1096 1307 1160 Leolini

356 1201 447 1282 regis
475 1200 643 1262 Demetiae
669 1198 791 1274 fretus
814 1195 1014 1261 Cumbriam
1034 1204 1144 1260 totam
1172 1196 1306 1260 cunctis

354 1300 478 1382 opibus
501 1299 676 1381 spoliavit,
693 1317 735 1360 ac
757 1296 892 1360 duobus
907 1294 988 1359 filiis
1005 1295 1196 1372 Dummail,
1212 1295 1305 1379 ejus-

353 1399 430 1462 dem
462 1398 650 1480 provinciae
678 1397 783 1478 regis,
814 1396 992 1459 oculorum
1032 1395 1109 1459 luce
1146 1395 1305 1476 privatis,

353 1517 498 1580 regnum
522 1496 608 1559 illud
642 1495 843 1572 Malcolmo,
869 1494 1051 1558 Scotorum
1080 1494 1166 1575 regi,
1194 1494 1239 1558 de
1267 1513 1305 1557 se

352 1596 539 1661 tenendum
555 1596 737 1674 concessit,
755 1602 795 1660 ut
810 1593 1025 1677 aquilonales
1035 1592 1174 1676 Angliae
1188 1601 1305 1677 partes

352 1704 446 1759 terra
470 1695 626 1778 marique
652 1697 695 1759 ab
721 1694 872 1759 hostium
901 1692 1165 1758 adventantium
1188 1693 1304 1758 incur·

353 1795 449 1860 sione
467 1801 633 1858 tueretur.

595 1942 751 2007 Damoeta
766 1941 953 2006 Eodsrouodi
966 1941 1054 2028 repis.

344 2075 380 2118 ’τ
405 2066 535 2131 Eodem
564 2085 655 2130 anno
686 2088 748 2131 rex
774 2067 949 2150 piissimus
977 2065 1184 2146 Anglorum,
1213 2063 1305 2127 Ead-

354 2168 515 2244 munduS,
528 2165 609 2229 dum
620 2166 655 2229 in
668 2166 757 2231 festo
773 2166 885 2229 sancti
897 2164 1099 2247 Augustini,
1110 2164 1303 2245 Anglorum

353 2267 516 2349 apostoli,
532 2284 651 2332 omnes
673 2266 771 2348 regni
787 2285 946 2347 proceres
971 2264 1015 2328 ad
1039 2283 1204 2346 magnum
1222 2283 1303 2326 con·

282 2419 284 2423 .
354 2366 484 2430 virium
512 2367 549 2429 in
562 2365 646 2430 villa
671 2366 780 2447 regia,
806 2384 884 2448 quae
900 2356 1140 2428 ³Micheleberi
1166 2363 1303 2439 dicitur,

355 2465 549 2541 invitasset,
567 2463 657 2528 sicut
677 2484 752 2528 mos
779 2471 855 2528 erat
869 2462 995 2545 Anglis
1020 2463 1166 2546 singulis
1190 2461 1303 2525 facere

354 2564 467 2640 annis,
506 2565 550 2627 ob
579 2564 837 2627 venerationem
873 2564 966 2627 beati
999 2562 1204 2645 Augustini,
1241 2554 1303 2643 per

355 2682 455 2745 quem
471 2661 551 2726 fidei
566 2662 682 2726 lumen
699 2662 808 2744 Angli
830 2670 911 2726 sunt
928 2662 1057 2745 adepti,
1081 2661 1302 2744 congregatis

355 2762 513 2825 omnibus
548 2769 583 2825 et
617 2762 660 2824 ad
698 2763 880 2844 prandium
909 2763 1001 2844 regis
1032 2761 1302 2836 considentibus,

355 2868 536 2942 coeperunt
562 2861 696 2943 epulari
721 2870 756 2926 et
782 2861 944 2943 gaudere,
967 2862 1043 2944 ipso
1065 2880 1147 2943 rege
1170 2861 1215 2924 ad
1238 2859 1302 2923 hoc

353 2960 539 3042 plurimum
572 2961 760 3025 annitente.
813 2960 969 3024 Tandem
993 2980 1070 3025 cum
1100 2980 1162 3023 rex
1196 2966 1302 3041 caput

354 3061 513 3142 erigeret,
536 3067 575 3123 ut
597 3061 728 3123 videret
751 3060 1018 3136 discumbentes,
1041 3059 1138 3123 inter⁴
1155 3067 1302 3123 caeteros

354 3158 585 3223 latrunculum
612 3159 783 3241 quendam
807 3160 942 3223 nomine
969 3158 1067 3235 Leof,
1091 3178 1193 3241 quem
1219 3167 1303 3222 ante

353 3278 484 3340 paucos
511 3277 621 3323 annos
643 3266 784 3341 propter
808 3259 1027 3322 latrocinium
1052 3259 1302 3334 eliminaverat,

353 3357 389 3419 in
405 3358 486 3421 aula
503 3366 596 3421 stare
619 3359 813 3440 conspexit,
835 3358 927 3439 quod
954 3377 1016 3421 rex
1032 3358 1134 3421 nimis
1158 3358 1303 3421 moleste

353 3455 477 3535 ferenS,
502 3457 613 3520 innuit
641 3457 816 3540 pincernae
843 3477 919 3534 suo,
943 3464 983 3522 ut
1005 3456 1113 3521 furem
1138 3455 1236 3520 illum
1260 3457 1303 3520 de

353 3556 484 3636 palatio
507 3558 704 3638 quantoties
727 3564 924 3635 amoveret3
948 3556 1009 3619 sed
1030 3576 1107 3619 curn
1132 3556 1302 3639 nequissi-

353 3673 429 3717 mus
452 3655 510 3717 ille
531 3662 673 3737 propter
696 3657 892 3739 pincernam
917 3656 1012 3719 exire
1038 3655 1219 3733 noluisset,
1241 3675 1303 3719 rex

388 3848 558 3920 ¹Agupetus‚]
582 3852 625 3901 the
646 3854 756 3914 secoud;
782 3854 814 3904 he
873 3852 1306 3919 ’Michelrteriflealledbyltlnlms-

353 3921 412 3970 died
425 3927 451 3970 ot
462 3921 504 3970 the
515 3923 565 3970 end
575 3923 605 3971 ot
611 3923 653 3971 the
666 3938 727 3984 year
738 3929 796 3974 9⁶5.
840 3926 905 3987 bury
925 3924 975 3973 ond
997 3924 1040 3974 the
1067 3924 1141 3974 other
1168 3925 1304 3975 historicus

388 3989 548 4052 'Aulularia
575 3986 705 4060 berlint]
733 3995 814 4043 There
840 3994 1036 4044 Pucklechurch
1050 3992 1304 4061 (Glaucestershire).

353 4075 434 4110 seems
453 4068 479 4110 te
497 4063 528 4111 be
548 4078 580 4111 no
597 4063 669 4113 other
685 4064 813 4125 authority
839 4064 920 4113 Inthe
931 4065 993 4113 Sax.
1005 4063 1099 4113 chron.
1111 4064 1165 4114 itis
1180 4066 1238 4114 said
1248 4066 1304 4114 tlmt

353 4131 391 4179 tor
402 4131 452 4180 this
462 4134 647 4193 interpolation,
664 4147 709 4180 nor
722 4133 761 4182 for
772 4133 814 4182 the
839 4135 870 4183 he
887 4148 942 4183 was
959 4133 1093 4182 mordered
1111 4148 1144 4183 ou
1162 4136 1190 4185 S.
1201 4138 1307 4198 Augus·

352 4201 473 4319 aiulpodote
495 4201 524 4250 of
547 4201 590 4250 the
612 4198 694 4265 liug's
716 4205 813 4264 cruelty
838 4199 910 4253 ttne’s
922 4204 973 4264 day
985 4202 1061 4270 (May
1073 4201 1127 4268 26).

351 4286 376 4320 w
395 4271 553 4321 ichtollows.
