2932 4980
336 459 401 525 158
595 473 729 522 aocaar
755 473 802 521 na
825 472 1034 522 waaaovra

335 631 427 715 qnod
443 633 565 696 beatas
580 630 798 713 evangelista
811 629 836 694 J
838 631 993 694 ohannes
1005 630 1043 694 in
1056 631 1220 694 omnibus
1235 651 1295 696 ec·

334 732 449 796 clasiis
470 731 595 814 quibus
610 739 759 813 praeerat
781 730 911 812 legitur
924 730 1143 794 celebrasse?
1183 730 1293 795 Gum-

335 851 402 914 que
430 832 504 894 haec
525 838 561 894 et
582 829 778 914 hujusmodi
803 830 864 893 diu
890 829 1088 912 allegasset,
1101 829 1291 895 Wilfridns

335 932 527 1014 presbyter,
552 950 633 1012 roge
650 931 797 1013 jubente
826 937 866 994 ut
887 931 1030 1007 diceret,
1061 929 1113 994 ita
1137 949 1290 995 exorsus

335 1031 397 1106 ait,
411 1036 421 1064 ‘
436 1029 573 1094 Pascha
595 1029 688 1113 quod
707 1029 865 1107 iacimus,
883 1028 1049 1108 Romani,
1064 1028 1162 1106 Itali,
1177 1027 1290 1108 Galli,

336 1128 452 1194 Gracci
472 1148 514 1194 ac
538 1129 744 1193 universalis
770 1128 917 1193 ccclesia
938 1149 1001 1212 por
1017 1130 1135 1193 orbam
1157 1148 1290 1213 usquc-

334 1248 472 1313 quaque
489 1228 614 1293 diffusa
631 1229 858 1292 communiter
873 1229 1047 1305 observat,
1061 1236 1191 1312 praetcr
1205 1229 1290 1294 Pic-

334 1336 401 1406 tos,
424 1328 547 1393 Scalas
570 1335 606 1392 et
628 1327 829 1405 Britannos,
855 1327 915 1411 qui
935 1335 1060 1409 ,contra
1086 1336 1200 1394 totum
1229 1349 1289 1394 or·

333 1428 411 1492 bam
428 1428 536 1493 stulto
559 1428 677 1491 laboro
699 1427 930 1507 contendunt3
959 1446 1038 1492 cam
1053 1428 1145 1492 anim
1163 1425 1285 1507 Petro,

335 1529 569 1609 apostolorum
595 1526 754 1611 principi,
777 1527 949 1592 Dominus
971 1527 1112 1604 dicaret,
1137 1527 1222 1592 ‘Tu
1248 1549 1287 1594 aa

336 1626 463 1691 Petrus
475 1635 511 1691 ct
525 1647 630 1709 snper
644 1626 732 1690 hanc
745 1635 880 1709 petram
901 1626 1081 1692 aedificabo
1101 1627 1286 1693 ecclesiam

335 1745 447 1790 nicam
470 1734 505 1790 et
527 1734 636 1809 portae
655 1725 841 1790 inferorum
861 1746 932 1790 non
958 1726 1200 1810 praevalebant
1222 1728 1286 1793 ad-

335 1844 455 1889 versus
477 1845 568 1903 eam,
591 1832 627 1890 et
649 1826 712 1890 tibi
728 1826 819 1891 dabo
836 1827 953 1891 clavas
975 1826 1074 1909 regni
1090 1824 1287 1909 caelornm3’

334 1924 552 2007 praeferrens,
575 1922 777 2004 colmanne,
800 1933 919 2009 patras
942 1934 1080 1991 nostros
1108 1923 1230 1992 Pictos
1251 1935 1288 1993 ct

335 2024 458 2089 Scotos
485 2025 631 2108 principi
652 2024 889 2107 apostolorum
910 2033 1022 2108 potas,
1039 2026 1097 2090 cni
1112 2026 1287 2093 Dominus

335 2126 487 2205 regimen
504 2125 676 2206 generalis
693 2125 848 2190 ecclcsiae
863 2126 1075 2191 concessitl’
1126 2124 1287 2192 Audiam

335 2231 451 2288 autem
477 2225 546 2289 ista
572 2244 648 2301 rex,
676 2225 738 2302 ait,
769 2224 933 2290 ‘Verane
960 2232 1055 2304 sunt,
1081 2223 1287 2306 Colmannc,

334 2342 414 2405 quae
437 2324 521 2388 dicit
547 2323 774 2388 Wilsridus‘i’
823 2323 875 2390 At
897 2325 970 2402 illa,
990 2324 1121 2404 ‘vera
1147 2327 1286 2392 dominc

337 2423 424 2487 rex?
474 2422 535 2487 ‘Si
559 2430 704 2506 uterquc
726 2431 880 2488 vestrum
911 2424 948 2488 in
977 2425 1044 2490 hoc
1069 2427 1286 2505 consentitis,

205 2507 223 2534 '
338 2523 429 2605 quod
444 2523 519 2587 haec
533 2523 769 2606 principalitar
784 2523 891 2588 Petro
912 2523 1006 2589 dicta
1026 2531 1121 2603 sunt,
1138 2545 1208 2608 ogo
1225 2547 1286 2592 vo-

336 2622 390 2685 bis
418 2622 507 2698 dico,
530 2623 613 2704 quia
632 2622 687 2686 hic
710 2630 765 2687 est
780 2623 956 2702 ostiarius,
969 2622 1027 2688 cui
1048 2626 1287 2692 contradicere

337 2720 438 2800 nolo;
471 2721 531 2786 scd
556 2722 592 2785 in
617 2730 786 2804 quantum
812 2722 912 2788 valco
935 2723 1028 2788 illius
1051 2724 1194 2791 obedire
1214 2734 1287 2791 sta·

337 2821 422 2884 tutis
439 2822 552 2904 cupio,
578 2841 621 2884 na
643 2822 745 2898 forta,
759 2823 920 2887 vomenta
942 2842 997 2888 ma
1018 2823 1171 2889 adfores
1185 2828 1284 2909 regni

336 2920 496 2998 caelestis,
512 2941 582 2984 non
598 2921 644 2985 sit
653 2922 713 3004 qni
729 2929 869 2999 reseret,
879 2941 1002 2988 averso
1015 2923 1076 2987 illo
1093 2925 1155 3007 qui
1169 2926 1286 2991 claves

336 3027 453 3085 tenero
475 3016 665 3103 probatur!
716 3020 806 3085 Haec
824 3042 906 3104 rege
925 3022 1072 3099 dicante,
1086 3024 1236 3090 clavatis
1250 3027 1285 3090 in

335 3120 458 3184 carlum
481 3120 652 3196 manibus,
666 3119 827 3185 faverunt
843 3121 1042 3187 adsidentes
1057 3129 1106 3201 at,
1122 3124 1286 3191 abdicata

335 3220 448 3284 minus
463 3220 618 3303 perfecta
632 3220 860 3299 institutione,
875 3222 919 3285 ad
937 3241 980 3286 aa
1000 3240 1089 3300 sesa,
1111 3243 1194 3306 quaa
1216 3244 1285 3290 ma·

334 3319 423 3384 liora
441 3327 624 3397 noverant,
641 3320 875 3385 contulerunt.

442 3492 533 3556 Traia
550 3492 823 3577 Liadissorrwasia
837 3494 992 3579 episcopas
1005 3494 1185 3562 ordinatur.

174 3639 227 3678 aa.
238 3642 284 3681 aa.
384 3615 488 3680 Anno
504 3618 628 3697 gratiae
645 3634 794 3681 ncaxrv.
806 3611 1056 3681 ¹Erconbcrtus
1071 3638 1135 3683 rex
1149 3623 1239 3689 obiit
1253 3633 1289 3690 ot

173 3689 322 3790 {afflat
335 3715 509 3796 Egbertus
527 3716 617 3779 filius
631 3716 708 3799 ejus
731 3717 766 3779 in
788 3737 932 3799 regnam
946 3717 1082 3783 Cantica
1104 3724 1286 3789 successit.

335 3812 465 3877 Eodem
497 3834 588 3877 anno
620 3814 843 3894 colmannus,
873 3818 1057 3900 episcopus
1089 3817 1286 3888 lindisfar-

334 3913 463 3990 nensis,
480 3932 558 3976 cum
582 3915 655 3977 suis
681 3915 724 3978 ad
745 3915 897 3980 Scotiam
922 3935 1083 3981 reversus
1099 3926 1168 3998 cst,
1186 3924 1289 4009 cujas

366 4191 375 4226 ¹
398 4196 589 4262 anonimo]
614 4197 656 4247 He
677 4199 737 4248 died
762 4205 792 4248 14
819 4200 1074 4264 berhtinsulycn.
1110 4202 1288 4270 Pagiffllu,

330 4267 394 4328 Jaly
405 4267 521 4330 66⁴,and
532 4266 573 4317 hia
584 4282 716 4319 auoeewor
727 4271 794 4331 Ecg·
818 4275 877 4333 664,
888 4270 902 4334 i
915 4275 953 4322 ia.
