<?xml version="1.0" encoding="UTF-8"?>
<!DOCTYPE html PUBLIC "-//W3C//DTD XHTML 1.0 Transitional//EN"
    "http://www.w3.org/TR/xhtml1/DTD/xhtml1-transitional.dtd">
<html xmlns="http://www.w3.org/1999/xhtml" xml:lang="en" lang="en">
 <head>
  <title>
</title>
<meta http-equiv="Content-Type" content="text/html;charset=utf-8" />
  <meta name='ocr-system' content='tesseract 3.04.00' />
  <meta name='ocr-capabilities' content='ocr_page ocr_carea ocr_par ocr_line ocrx_word'/>
</head>
<body>
  <div class='ocr_page' id='page_1' title='image "./rogeridewendove05rogegoog_0082.png"; bbox 0 0 3000 5004; ppageno 0'>
   <div class='ocr_carea' id='block_1_1' title="bbox 467 432 1158 500">
    <p class='ocr_par' dir='ltr' id='par_1_1' title="bbox 467 432 1158 500">
     <span class='ocr_line' id='line_1_1' title="bbox 467 432 1158 500; baseline -0.003 -1"><span class='ocrx_word' id='word_1_1' title='bbox 467 451 606 500; x_wconf 77' lang='lat' dir='ltr'><strong>anonas</strong></span> <span class='ocrx_word' id='word_1_2' title='bbox 629 450 899 500; x_wconf 79' lang='lat' dir='ltr'><strong>ursroamauu.</strong></span> <span class='ocrx_word' id='word_1_3' title='bbox 1113 432 1158 497; x_wconf 79' lang='lat'><strong>37</strong></span> 
     </span>
    </p>
   </div>
   <div class='ocr_carea' id='block_1_2' title="bbox 201 606 1271 1680">
    <p class='ocr_par' dir='ltr' id='par_1_2' title="bbox 201 606 1271 1485">
     <span class='ocr_line' id='line_1_2' title="bbox 205 606 1153 692; baseline -0.003 -20"><span class='ocrx_word' id='word_1_4' title='bbox 205 628 273 691; x_wconf 91' lang='lat' dir='ltr'><strong>que</strong></span> <span class='ocrx_word' id='word_1_5' title='bbox 299 617 397 689; x_wconf 88' lang='lat' dir='ltr'><strong>parte</strong></span> <span class='ocrx_word' id='word_1_6' title='bbox 422 617 631 692; x_wconf 82' lang='lat' dir='ltr'><strong>pugnantes,</strong></span> <span class='ocrx_word' id='word_1_7' title='bbox 654 609 858 691; x_wconf 86' lang='lat' dir='ltr'><strong>sanguinem</strong></span> <span class='ocrx_word' id='word_1_8' title='bbox 885 626 953 670; x_wconf 91' lang='lat' dir='ltr'><strong>non</strong></span> <span class='ocrx_word' id='word_1_9' title='bbox 977 606 1153 669; x_wconf 89' lang='lat' dir='ltr'><strong>minimum</strong></span> 
     </span>
     <span class='ocr_line' id='line_1_3' title="bbox 206 704 1153 791; baseline -0.004 -20"><span class='ocrx_word' id='word_1_10' title='bbox 206 708 440 791; x_wconf 82' lang='lat' dir='ltr'><strong>perfuderunt,</strong></span> <span class='ocrx_word' id='word_1_11' title='bbox 455 709 515 771; x_wconf 89' lang='lat' dir='ltr'><strong>sed</strong></span> <span class='ocrx_word' id='word_1_12' title='bbox 532 710 678 773; x_wconf 88' lang='lat' dir='ltr'><strong>victoria</strong></span> <span class='ocrx_word' id='word_1_13' title='bbox 693 709 798 772; x_wconf 91' lang='lat' dir='ltr'><strong>dubia</strong></span> <span class='ocrx_word' id='word_1_14' title='bbox 811 714 846 771; x_wconf 90' lang='lat' dir='ltr'><strong>et</strong></span> <span class='ocrx_word' id='word_1_15' title='bbox 860 706 947 770; x_wconf 90' lang='lat' dir='ltr'><strong>adeo</strong></span> <span class='ocrx_word' id='word_1_16' title='bbox 959 704 1153 788; x_wconf 90' lang='lat' dir='ltr'><strong>lachryma-</strong></span> 
     </span>
     <span class='ocr_line' id='line_1_4' title="bbox 204 804 1152 890; baseline -0.003 -19"><span class='ocrx_word' id='word_1_17' title='bbox 204 808 284 871; x_wconf 88' lang='lat' dir='ltr'><strong>bilis</strong></span> <span class='ocrx_word' id='word_1_18' title='bbox 300 807 378 884; x_wconf 85' lang='lat' dir='ltr'><strong>suit,</strong></span> <span class='ocrx_word' id='word_1_19' title='bbox 396 808 500 889; x_wconf 90' lang='lat' dir='ltr'><strong>quod,</strong></span> <span class='ocrx_word' id='word_1_20' title='bbox 518 808 627 871; x_wconf 91' lang='lat' dir='ltr'><strong>multo</strong></span> <span class='ocrx_word' id='word_1_21' title='bbox 653 814 775 890; x_wconf 86' lang='lat' dir='ltr'><strong>postea</strong></span> <span class='ocrx_word' id='word_1_22' title='bbox 797 813 963 888; x_wconf 90' lang='lat' dir='ltr'><strong>tempore,</strong></span> <span class='ocrx_word' id='word_1_23' title='bbox 979 825 1042 868; x_wconf 91' lang='lat' dir='ltr'><strong>nec</strong></span> <span class='ocrx_word' id='word_1_24' title='bbox 1062 804 1152 868; x_wconf 83' lang='lat' dir='ltr'><strong>Sax-</strong></span> 
     </span>
     <span class='ocr_line' id='line_1_5' title="bbox 204 904 1153 984; baseline -0.004 -14"><span class='ocrx_word' id='word_1_25' title='bbox 204 926 287 971; x_wconf 87' lang='lat' dir='ltr'>ones</span> <span class='ocrx_word' id='word_1_26' title='bbox 314 907 399 970; x_wconf 87' lang='lat' dir='ltr'><strong>fines</strong></span> <span class='ocrx_word' id='word_1_27' title='bbox 426 908 619 984; x_wconf 90' lang='lat' dir='ltr'><strong>Britonum,</strong></span> <span class='ocrx_word' id='word_1_28' title='bbox 642 927 705 970; x_wconf 89' lang='lat' dir='ltr'><strong>nec</strong></span> <span class='ocrx_word' id='word_1_29' title='bbox 732 906 892 970; x_wconf 80' lang='lat' dir='ltr'>Britanni</span> <span class='ocrx_word' id='word_1_30' title='bbox 912 904 1073 969; x_wconf 88' lang='lat' dir='ltr'><strong>Cantiam</strong></span> <span class='ocrx_word' id='word_1_31' title='bbox 1099 905 1153 967; x_wconf 91' lang='lat' dir='ltr'><strong>in-</strong></span> 
     </span>
     <span class='ocr_line' id='line_1_6' title="bbox 203 1004 1151 1088; baseline -0.004 -18"><span class='ocrx_word' id='word_1_32' title='bbox 203 1013 295 1070; x_wconf 88' lang='lat' dir='ltr'><strong>trare</strong></span> <span class='ocrx_word' id='word_1_33' title='bbox 332 1011 593 1088; x_wconf 79' lang='lat' dir='ltr'><strong>praesumerent.</strong></span> <span class='ocrx_word' id='word_1_34' title='bbox 661 1007 819 1070; x_wconf 84' lang='lat' dir='ltr'><strong>Saxones</strong></span> <span class='ocrx_word' id='word_1_35' title='bbox 858 1023 941 1069; x_wconf 88' lang='lat' dir='ltr'><strong>vero</strong></span> <span class='ocrx_word' id='word_1_36' title='bbox 979 1004 1151 1087; x_wconf 86' lang='lat' dir='ltr'><strong>quendam</strong></span> 
     </span>
     <span class='ocr_line' id='line_1_7' title="bbox 201 1103 1150 1188; baseline -0.003 -20"><span class='ocrx_word' id='word_1_37' title='bbox 201 1106 390 1188; x_wconf 89' lang='lat' dir='ltr'><strong>principem</strong></span> <span class='ocrx_word' id='word_1_38' title='bbox 412 1125 589 1188; x_wconf 79' lang='lat' dir='ltr'><strong>magnum,</strong></span> <span class='ocrx_word' id='word_1_39' title='bbox 607 1105 758 1187; x_wconf 91' lang='lat' dir='ltr'><strong>Wipped</strong></span> <span class='ocrx_word' id='word_1_40' title='bbox 779 1104 1003 1186; x_wconf 87' lang='lat' dir='ltr'><strong>appellatum,</strong></span> <span class='ocrx_word' id='word_1_41' title='bbox 1024 1103 1150 1166; x_wconf 90' lang='lat' dir='ltr'><strong>ibidem</strong></span> 
     </span>
     <span class='ocr_line' id='line_1_8' title="bbox 202 1201 1149 1281; baseline -0.003 -14"><span class='ocrx_word' id='word_1_42' title='bbox 202 1206 293 1268; x_wconf 88' lang='lat' dir='ltr'><strong>inter</strong></span> <span class='ocrx_word' id='word_1_43' title='bbox 312 1213 457 1269; x_wconf 88' lang='lat' dir='ltr'><strong>caeteros</strong></span> <span class='ocrx_word' id='word_1_44' title='bbox 480 1206 690 1281; x_wconf 87' lang='lat' dir='ltr'><strong>amittentes,</strong></span> <span class='ocrx_word' id='word_1_45' title='bbox 713 1205 827 1268; x_wconf 91' lang='lat' dir='ltr'><strong>locum</strong></span> <span class='ocrx_word' id='word_1_46' title='bbox 849 1202 931 1265; x_wconf 90' lang='lat' dir='ltr'><strong>hclli</strong></span> <span class='ocrx_word' id='word_1_47' title='bbox 951 1201 994 1265; x_wconf 88' lang='lat' dir='ltr'><strong>ad</strong></span> <span class='ocrx_word' id='word_1_48' title='bbox 1021 1221 1149 1265; x_wconf 90' lang='lat' dir='ltr'><strong>memo-</strong></span> 
     </span>
     <span class='ocr_line' id='line_1_9' title="bbox 202 1303 917 1386; baseline -0.004 -20"><span class='ocrx_word' id='word_1_49' title='bbox 202 1303 290 1367; x_wconf 84' lang='lat' dir='ltr'><strong>riam</strong></span> <span class='ocrx_word' id='word_1_50' title='bbox 305 1305 413 1386; x_wconf 91' lang='lat' dir='ltr'><strong>ipsius</strong></span> <span class='ocrx_word' id='word_1_51' title='bbox 431 1303 679 1386; x_wconf 87' lang='lat' dir='ltr'><strong>Wipedesflete</strong></span> <span class='ocrx_word' id='word_1_52' title='bbox 695 1308 917 1366; x_wconf 88' lang='lat' dir='ltr'><strong>vocaverunt.</strong></span> 
     </span>
     <span class='ocr_line' id='line_1_10' title="bbox 253 1399 1271 1485; baseline -0.008 -19"><span class='ocrx_word' id='word_1_53' title='bbox 253 1400 356 1466; x_wconf 82' lang='lat' dir='ltr'><strong>Anno</strong></span> <span class='ocrx_word' id='word_1_54' title='bbox 370 1405 492 1485; x_wconf 80' lang='lat' dir='ltr'><strong>gratiae</strong></span> <span class='ocrx_word' id='word_1_55' title='bbox 501 1419 720 1466; x_wconf 75' lang='lat' dir='ltr'><strong>ccccnxx1V.</strong></span> <span class='ocrx_word' id='word_1_56' title='bbox 733 1400 957 1476; x_wconf 87' lang='lat' dir='ltr'><strong>Claudianus,</strong></span> <span class='ocrx_word' id='word_1_57' title='bbox 971 1399 1271 1482; x_wconf 62' lang='lat' dir='ltr'><strong>presbyterium.</strong></span> 
     </span>
    </p>

    <p class='ocr_par' dir='ltr' id='par_1_3' title="bbox 203 1497 1150 1680">
     <span class='ocr_line' id='line_1_11' title="bbox 203 1497 1150 1581; baseline -0.003 -16"><span class='ocrx_word' id='word_1_58' title='bbox 203 1501 427 1579; x_wconf 85' lang='lat' dir='ltr'><strong>Viennensis,</strong></span> <span class='ocrx_word' id='word_1_59' title='bbox 444 1504 495 1567; x_wconf 87' lang='lat' dir='ltr'><strong>vir</strong></span> <span class='ocrx_word' id='word_1_60' title='bbox 515 1503 551 1566; x_wconf 91' lang='lat' dir='ltr'><strong>in</strong></span> <span class='ocrx_word' id='word_1_61' title='bbox 574 1504 675 1566; x_wconf 89' lang='lat' dir='ltr'><strong>rebus</strong></span> <span class='ocrx_word' id='word_1_62' title='bbox 697 1499 941 1567; x_wconf 86' lang='lat' dir='ltr'><strong>ecclesiasticis</strong></span> <span class='ocrx_word' id='word_1_63' title='bbox 964 1498 1009 1562; x_wconf 92' lang='lat' dir='ltr'><strong>ad</strong></span> <span class='ocrx_word' id='word_1_64' title='bbox 1031 1497 1150 1581; x_wconf 89' lang='lat' dir='ltr'><strong>dispu-</strong></span> 
     </span>
     <span class='ocr_line' id='line_1_12' title="bbox 205 1601 656 1680; baseline 0 -15"><span class='ocrx_word' id='word_1_65' title='bbox 205 1601 345 1666; x_wconf 89' lang='lat' dir='ltr'><strong>tandum</strong></span> <span class='ocrx_word' id='word_1_66' title='bbox 362 1601 511 1680; x_wconf 90' lang='lat' dir='ltr'><strong>subtilis,</strong></span> <span class='ocrx_word' id='word_1_67' title='bbox 528 1601 656 1665; x_wconf 86' lang='lat' dir='ltr'><strong>floruit.</strong></span> 
     </span>
    </p>
   </div>
   <div class='ocr_carea' id='block_1_3' title="bbox 302 1771 1052 1861">
    <p class='ocr_par' dir='ltr' id='par_1_4' title="bbox 302 1771 1052 1861">
     <span class='ocr_line' id='line_1_13' title="bbox 302 1771 1052 1861; baseline -0.005 -22"><span class='ocrx_word' id='word_1_68' title='bbox 302 1777 440 1860; x_wconf 61' lang='lat' dir='ltr'><strong>Prosper</strong></span> <span class='ocrx_word' id='word_1_69' title='bbox 454 1785 562 1840; x_wconf 76' lang='lat' dir='ltr'><strong>contre</strong></span> <span class='ocrx_word' id='word_1_70' title='bbox 576 1775 734 1859; x_wconf 70' lang='lat' dir='ltr'><strong>Eutychen</strong></span> <span class='ocrx_word' id='word_1_71' title='bbox 748 1773 905 1861; x_wconf 78' lang='lat' dir='ltr'><strong>ept&#39;stolom</strong></span> <span class='ocrx_word' id='word_1_72' title='bbox 919 1771 1052 1857; x_wconf 77' lang='lat' dir='ltr'><strong>scripsit.</strong></span> 
     </span>
    </p>
   </div>
   <div class='ocr_carea' id='block_1_4' title="bbox 202 1895 1274 2262">
    <p class='ocr_par' dir='ltr' id='par_1_5' title="bbox 202 1895 1274 2262">
     <span class='ocr_line' id='line_1_14' title="bbox 253 1895 1274 1981; baseline -0.012 -17"><span class='ocrx_word' id='word_1_73' title='bbox 253 1898 356 1964; x_wconf 82' lang='lat' dir='ltr'><strong>Anno</strong></span> <span class='ocrx_word' id='word_1_74' title='bbox 374 1900 497 1981; x_wconf 82' lang='lat' dir='ltr'><strong>gratiae</strong></span> <span class='ocrx_word' id='word_1_75' title='bbox 523 1916 725 1963; x_wconf 71' lang='lat' dir='ltr'><strong>dccccxxv.</strong></span> <span class='ocrx_word' id='word_1_76' title='bbox 748 1899 912 1981; x_wconf 84' lang='lat' dir='ltr'><strong>Prosper,</strong></span> <span class='ocrx_word' id='word_1_77' title='bbox 930 1895 1152 1978; x_wconf 78' lang='lat' dir='ltr'><strong>Aquitanicae</strong></span> <span class='ocrx_word' id='word_1_78' title='bbox 1164 1913 1274 1953; x_wconf 52' lang='lat' dir='ltr'><strong>namra</strong></span> 
     </span>
     <span class='ocr_line' id='line_1_15' title="bbox 202 1995 1152 2081; baseline -0.005 -18"><span class='ocrx_word' id='word_1_79' title='bbox 202 2000 364 2081; x_wconf 82' lang='lat' dir='ltr'><strong>regionis,</strong></span> <span class='ocrx_word' id='word_1_80' title='bbox 393 2001 575 2064; x_wconf 90' lang='lat' dir='ltr'><strong>adversum</strong></span> <span class='ocrx_word' id='word_1_81' title='bbox 602 1998 784 2081; x_wconf 86' lang='lat' dir='ltr'><strong>Eutychen</strong></span> <span class='ocrx_word' id='word_1_82' title='bbox 814 1996 961 2062; x_wconf 88' lang='lat' dir='ltr'><strong>dictavit</strong></span> <span class='ocrx_word' id='word_1_83' title='bbox 986 1995 1152 2077; x_wconf 86' lang='lat' dir='ltr'><strong>epistolas</strong></span> 
     </span>
     <span class='ocr_line' id='line_1_16' title="bbox 203 2095 1152 2163; baseline -0.005 0"><span class='ocrx_word' id='word_1_84' title='bbox 203 2099 246 2163; x_wconf 89' lang='lat' dir='ltr'><strong>do</strong></span> <span class='ocrx_word' id='word_1_85' title='bbox 270 2118 352 2162; x_wconf 89' lang='lat' dir='ltr'><strong>vera</strong></span> <span class='ocrx_word' id='word_1_86' title='bbox 381 2097 619 2163; x_wconf 85' lang='lat' dir='ltr'><strong>incarnatione</strong></span> <span class='ocrx_word' id='word_1_87' title='bbox 652 2097 781 2162; x_wconf 85' lang='lat' dir='ltr'><strong>Christi</strong></span> <span class='ocrx_word' id='word_1_88' title='bbox 808 2105 844 2161; x_wconf 92' lang='lat' dir='ltr'><strong>et</strong></span> <span class='ocrx_word' id='word_1_89' title='bbox 869 2096 977 2161; x_wconf 87' lang='lat' dir='ltr'><strong>libero</strong></span> <span class='ocrx_word' id='word_1_90' title='bbox 1008 2095 1152 2159; x_wconf 87' lang='lat' dir='ltr'><strong>arbitrio</strong></span> 
     </span>
     <span class='ocr_line' id='line_1_17' title="bbox 202 2198 525 2262; baseline 0 0"><span class='ocrx_word' id='word_1_91' title='bbox 202 2199 291 2262; x_wconf 86' lang='lat' dir='ltr'><strong>male</strong></span> <span class='ocrx_word' id='word_1_92' title='bbox 308 2198 525 2262; x_wconf 87' lang='lat' dir='ltr'><strong>sentientem.</strong></span> 
     </span>
    </p>
   </div>
   <div class='ocr_carea' id='block_1_5' title="bbox 521 2368 819 2434">
    <p class='ocr_par' dir='ltr' id='par_1_6' title="bbox 521 2368 819 2434">
     <span class='ocr_line' id='line_1_18' title="bbox 521 2368 819 2434; baseline -0.003 -1"><span class='ocrx_word' id='word_1_93' title='bbox 521 2370 562 2433; x_wconf 85' lang='lat' dir='ltr'><em>N</em></span> <span class='ocrx_word' id='word_1_94' title='bbox 559 2377 609 2433; x_wconf 80' lang='lat' dir='ltr'><strong>oto</strong></span> <span class='ocrx_word' id='word_1_95' title='bbox 623 2368 819 2434; x_wconf 79' lang='lat' dir='ltr'><strong>miraculum.</strong></span> 
     </span>
    </p>
   </div>
   <div class='ocr_carea' id='block_1_6' title="bbox 202 2487 1275 3669">
    <p class='ocr_par' dir='ltr' id='par_1_7' title="bbox 202 2487 1275 3669">
     <span class='ocr_line' id='line_1_19' title="bbox 248 2487 1275 2608; baseline 0.001 -52"><span class='ocrx_word' id='word_1_96' title='bbox 248 2489 353 2556; x_wconf 82' lang='lat' dir='ltr'><strong>Anno</strong></span> <span class='ocrx_word' id='word_1_97' title='bbox 363 2493 486 2573; x_wconf 79' lang='lat' dir='ltr'><strong>gratiae</strong></span> <span class='ocrx_word' id='word_1_98' title='bbox 497 2510 716 2557; x_wconf 78' lang='lat' dir='ltr'><strong>ceccuxxvi</strong></span> <span class='ocrx_word' id='word_1_99' title='bbox 730 2487 914 2571; x_wconf 90' lang='lat' dir='ltr'><strong>¹Hilarius,</strong></span> <span class='ocrx_word' id='word_1_100' title='bbox 926 2494 1048 2559; x_wconf 73' lang='lat' dir='ltr'><strong>Romae</strong></span> <span class='ocrx_word' id='word_1_101' title='bbox 1057 2494 1221 2608; x_wconf 59' lang='lat' dir='ltr'><strong>urbispv</strong></span> <span class='ocrx_word' id='word_1_102' title='bbox 1228 2508 1275 2598; x_wconf 62' lang='lat' dir='ltr'><strong>gp</strong></span> 
     </span>
     <span class='ocr_line' id='line_1_20' title="bbox 205 2592 1237 2675; baseline 0.004 -21"><span class='ocrx_word' id='word_1_103' title='bbox 205 2592 400 2675; x_wconf 88' lang='lat' dir='ltr'><strong>episcopus,</strong></span> <span class='ocrx_word' id='word_1_104' title='bbox 422 2592 598 2675; x_wconf 90' lang='lat' dir='ltr'><strong>prohibuit</strong></span> <span class='ocrx_word' id='word_1_105' title='bbox 612 2613 655 2656; x_wconf 89' lang='lat' dir='ltr'><strong>ne</strong></span> <span class='ocrx_word' id='word_1_106' title='bbox 677 2593 794 2657; x_wconf 89' lang='lat' dir='ltr'><strong>clerici</strong></span> <span class='ocrx_word' id='word_1_107' title='bbox 808 2593 921 2657; x_wconf 88' lang='lat' dir='ltr'><strong>laicali</strong></span> <span class='ocrx_word' id='word_1_108' title='bbox 938 2593 1058 2659; x_wconf 93' lang='lat' dir='ltr'><strong>habitu</strong></span> <span class='ocrx_word' id='word_1_109' title='bbox 1076 2602 1151 2658; x_wconf 89' lang='lat' dir='ltr'><strong>ute·</strong></span> <span class='ocrx_word' id='word_1_110' title='bbox 1164 2609 1237 2658; x_wconf 71' lang='lat' dir='ltr'><strong>lurl</strong></span> 
     </span>
     <span class='ocr_line' id='line_1_21' title="bbox 203 2692 1154 2774; baseline 0.004 -22"><span class='ocrx_word' id='word_1_111' title='bbox 203 2699 333 2768; x_wconf 88' lang='lat' dir='ltr'><strong>rentur,</strong></span> <span class='ocrx_word' id='word_1_112' title='bbox 358 2693 568 2774; x_wconf 87' lang='lat' dir='ltr'><strong>presbyteris</strong></span> <span class='ocrx_word' id='word_1_113' title='bbox 584 2692 688 2755; x_wconf 90' lang='lat' dir='ltr'><strong>etiam</strong></span> <span class='ocrx_word' id='word_1_114' title='bbox 713 2692 922 2757; x_wconf 88' lang='lat' dir='ltr'><strong>concubinas</strong></span> <span class='ocrx_word' id='word_1_115' title='bbox 945 2713 1027 2758; x_wconf 87' lang='lat' dir='ltr'><strong>suas</strong></span> <span class='ocrx_word' id='word_1_116' title='bbox 1047 2694 1154 2758; x_wconf 87' lang='lat' dir='ltr'><strong>inter-</strong></span> 
     </span>
     <span class='ocr_line' id='line_1_22' title="bbox 202 2788 1152 2873; baseline 0.004 -22"><span class='ocrx_word' id='word_1_117' title='bbox 202 2788 301 2854; x_wconf 84' lang='lat' dir='ltr'><strong>dixit.</strong></span> <span class='ocrx_word' id='word_1_118' title='bbox 371 2791 502 2854; x_wconf 89' lang='lat' dir='ltr'><strong>Eodem</strong></span> <span class='ocrx_word' id='word_1_119' title='bbox 536 2799 702 2873; x_wconf 90' lang='lat' dir='ltr'><strong>tempore,</strong></span> <span class='ocrx_word' id='word_1_120' title='bbox 732 2792 814 2856; x_wconf 93' lang='lat' dir='ltr'><strong>dum</strong></span> <span class='ocrx_word' id='word_1_121' title='bbox 847 2791 1056 2870; x_wconf 90' lang='lat' dir='ltr'><strong>Clodoveus,</strong></span> <span class='ocrx_word' id='word_1_122' title='bbox 1088 2813 1152 2857; x_wconf 83' lang='lat' dir='ltr'><strong>rex</strong></span> 
     </span>
     <span class='ocr_line' id='line_1_23' title="bbox 205 2889 1152 2976; baseline 0.002 -23"><span class='ocrx_word' id='word_1_123' title='bbox 205 2889 429 2968; x_wconf 88' lang='lat' dir='ltr'><strong>Francorum,</strong></span> <span class='ocrx_word' id='word_1_124' title='bbox 444 2898 566 2954; x_wconf 86' lang='lat' dir='ltr'><strong>contra</strong></span> <span class='ocrx_word' id='word_1_125' title='bbox 583 2889 796 2954; x_wconf 82' lang='lat' dir='ltr'><strong>Alamannos</strong></span> <span class='ocrx_word' id='word_1_126' title='bbox 810 2892 1011 2974; x_wconf 82' lang='lat' dir='ltr'><strong>confligeret</strong></span> <span class='ocrx_word' id='word_1_127' title='bbox 1027 2893 1152 2976; x_wconf 83' lang='lat' dir='ltr'><strong>atejus</strong></span> 
     </span>
     <span class='ocr_line' id='line_1_24' title="bbox 204 2989 1151 3070; baseline 0 -17"><span class='ocrx_word' id='word_1_128' title='bbox 204 2990 358 3070; x_wconf 76' lang='lat' dir='ltr'><strong>graviter</strong></span> <span class='ocrx_word' id='word_1_129' title='bbox 381 2991 555 3054; x_wconf 86' lang='lat' dir='ltr'><strong>exereitus</strong></span> <span class='ocrx_word' id='word_1_130' title='bbox 577 2989 773 3067; x_wconf 73' lang='lat' dir='ltr'><strong>laederetur,</strong></span> <span class='ocrx_word' id='word_1_131' title='bbox 799 2990 943 3055; x_wconf 87' lang='lat' dir='ltr'><strong>elevatis</strong></span> <span class='ocrx_word' id='word_1_132' title='bbox 967 2993 1004 3055; x_wconf 91' lang='lat' dir='ltr'><strong>in</strong></span> <span class='ocrx_word' id='word_1_133' title='bbox 1028 2991 1151 3055; x_wconf 91' lang='lat' dir='ltr'><strong>caelum</strong></span> 
     </span>
     <span class='ocr_line' id='line_1_25' title="bbox 203 3082 1153 3174; baseline 0.001 -23"><span class='ocrx_word' id='word_1_134' title='bbox 203 3088 326 3165; x_wconf 91' lang='lat' dir='ltr'><strong>oculis,</strong></span> <span class='ocrx_word' id='word_1_135' title='bbox 344 3088 446 3166; x_wconf 81' lang='lat' dir='ltr'><strong>dixit,</strong></span> <span class='ocrx_word' id='word_1_136' title='bbox 462 3082 490 3123; x_wconf 81' lang='lat'><strong>²⁴</strong></span> <span class='ocrx_word' id='word_1_137' title='bbox 502 3090 650 3153; x_wconf 87' lang='lat' dir='ltr'><strong>Domino</strong></span> <span class='ocrx_word' id='word_1_138' title='bbox 668 3089 691 3153; x_wconf 88' lang='lat' dir='ltr'>J</span> <span class='ocrx_word' id='word_1_139' title='bbox 694 3110 756 3153; x_wconf 87' lang='lat' dir='ltr'><strong>esu</strong></span> <span class='ocrx_word' id='word_1_140' title='bbox 772 3089 920 3168; x_wconf 88' lang='lat' dir='ltr'><strong>Christe,</strong></span> <span class='ocrx_word' id='word_1_141' title='bbox 937 3111 1039 3174; x_wconf 92' lang='lat' dir='ltr'><strong>quem</strong></span> <span class='ocrx_word' id='word_1_142' title='bbox 1062 3108 1153 3153; x_wconf 81' lang='lat' dir='ltr'><strong>uxor</strong></span> 
     </span>
     <span class='ocr_line' id='line_1_26' title="bbox 205 3182 1152 3271; baseline 0.002 -22"><span class='ocrx_word' id='word_1_143' title='bbox 205 3206 281 3250; x_wconf 90' lang='lat' dir='ltr'><strong>mea</strong></span> <span class='ocrx_word' id='word_1_144' title='bbox 298 3182 529 3252; x_wconf 88' lang='lat' dir='ltr'><strong>³Chrothildis</strong></span> <span class='ocrx_word' id='word_1_145' title='bbox 547 3189 642 3266; x_wconf 90' lang='lat' dir='ltr'><strong>colit,</strong></span> <span class='ocrx_word' id='word_1_146' title='bbox 656 3197 751 3253; x_wconf 92' lang='lat' dir='ltr'><strong>tuam</strong></span> <span class='ocrx_word' id='word_1_147' title='bbox 768 3209 869 3271; x_wconf 88' lang='lat' dir='ltr'><strong>opem</strong></span> <span class='ocrx_word' id='word_1_148' title='bbox 891 3191 1037 3253; x_wconf 88' lang='lat' dir='ltr'><strong>devotus</strong></span> <span class='ocrx_word' id='word_1_149' title='bbox 1057 3188 1152 3252; x_wconf 88' lang='lat' dir='ltr'><strong>effla·</strong></span> 
     </span>
     <span class='ocr_line' id='line_1_27' title="bbox 204 3286 1152 3367; baseline 0.001 -18"><span class='ocrx_word' id='word_1_150' title='bbox 204 3287 290 3367; x_wconf 81' lang='lat' dir='ltr'><strong>gito.</strong></span> <span class='ocrx_word' id='word_1_151' title='bbox 342 3286 389 3352; x_wconf 87' lang='lat' dir='ltr'><strong>Et</strong></span> <span class='ocrx_word' id='word_1_152' title='bbox 403 3289 432 3350; x_wconf 91' lang='lat' dir='ltr'><strong>si</strong></span> <span class='ocrx_word' id='word_1_153' title='bbox 453 3287 537 3351; x_wconf 92' lang='lat' dir='ltr'><strong>mihi</strong></span> <span class='ocrx_word' id='word_1_154' title='bbox 551 3288 587 3350; x_wconf 92' lang='lat' dir='ltr'><strong>in</strong></span> <span class='ocrx_word' id='word_1_155' title='bbox 600 3286 665 3351; x_wconf 90' lang='lat' dir='ltr'><strong>hoc</strong></span> <span class='ocrx_word' id='word_1_156' title='bbox 687 3289 873 3352; x_wconf 86' lang='lat' dir='ltr'><strong>certamine</strong></span> <span class='ocrx_word' id='word_1_157' title='bbox 889 3288 1068 3352; x_wconf 86' lang='lat' dir='ltr'><strong>victoriam</strong></span> <span class='ocrx_word' id='word_1_158' title='bbox 1092 3286 1152 3350; x_wconf 88' lang='lat' dir='ltr'><strong>de·</strong></span> 
     </span>
     <span class='ocr_line' id='line_1_28' title="bbox 204 3385 1151 3470; baseline 0.002 -22"><span class='ocrx_word' id='word_1_159' title='bbox 204 3385 307 3464; x_wconf 89' lang='lat' dir='ltr'><strong>deris,</strong></span> <span class='ocrx_word' id='word_1_160' title='bbox 330 3386 373 3450; x_wconf 88' lang='lat' dir='ltr'><strong>de</strong></span> <span class='ocrx_word' id='word_1_161' title='bbox 397 3394 491 3451; x_wconf 88' lang='lat' dir='ltr'><strong>certo</strong></span> <span class='ocrx_word' id='word_1_162' title='bbox 513 3387 648 3451; x_wconf 90' lang='lat' dir='ltr'><strong>credam</strong></span> <span class='ocrx_word' id='word_1_163' title='bbox 675 3394 711 3450; x_wconf 89' lang='lat' dir='ltr'><strong>et</strong></span> <span class='ocrx_word' id='word_1_164' title='bbox 735 3387 771 3450; x_wconf 93' lang='lat' dir='ltr'><strong>in</strong></span> <span class='ocrx_word' id='word_1_165' title='bbox 795 3394 856 3450; x_wconf 89' lang='lat' dir='ltr'><strong>tuo</strong></span> <span class='ocrx_word' id='word_1_166' title='bbox 879 3388 1017 3452; x_wconf 89' lang='lat' dir='ltr'><strong>nomine</strong></span> <span class='ocrx_word' id='word_1_167' title='bbox 1037 3387 1151 3470; x_wconf 93' lang='lat' dir='ltr'><strong>hapti-</strong></span> 
     </span>
     <span class='ocr_line' id='line_1_29' title="bbox 203 3485 1153 3569; baseline 0.003 -22"><span class='ocrx_word' id='word_1_168' title='bbox 203 3485 332 3550; x_wconf 62' lang='lat' dir='ltr'><strong>nabor?</strong></span> <span class='ocrx_word' id='word_1_169' title='bbox 384 3485 487 3564; x_wconf 87' lang='lat' dir='ltr'><strong>Quod</strong></span> <span class='ocrx_word' id='word_1_170' title='bbox 510 3506 587 3549; x_wconf 94' lang='lat' dir='ltr'><strong>cum</strong></span> <span class='ocrx_word' id='word_1_171' title='bbox 605 3486 763 3563; x_wconf 84' lang='lat' dir='ltr'><strong>dixisset,</strong></span> <span class='ocrx_word' id='word_1_172' title='bbox 776 3485 960 3551; x_wconf 81' lang='lat' dir='ltr'><strong>Alemanni</strong></span> <span class='ocrx_word' id='word_1_173' title='bbox 980 3488 1017 3551; x_wconf 92' lang='lat' dir='ltr'><strong>in</strong></span> <span class='ocrx_word' id='word_1_174' title='bbox 1033 3487 1153 3569; x_wconf 82' lang='lat' dir='ltr'><strong>sugam</strong></span> 
     </span>
     <span class='ocr_line' id='line_1_30' title="bbox 203 3586 1152 3669; baseline 0.004 -21"><span class='ocrx_word' id='word_1_175' title='bbox 203 3586 273 3648; x_wconf 92' lang='lat' dir='ltr'><strong>acti</strong></span> <span class='ocrx_word' id='word_1_176' title='bbox 290 3593 384 3662; x_wconf 91' lang='lat' dir='ltr'><strong>sunt,</strong></span> <span class='ocrx_word' id='word_1_177' title='bbox 408 3593 443 3649; x_wconf 87' lang='lat' dir='ltr'><strong>et</strong></span> <span class='ocrx_word' id='word_1_178' title='bbox 461 3605 523 3649; x_wconf 83' lang='lat' dir='ltr'><strong>rex</strong></span> <span class='ocrx_word' id='word_1_179' title='bbox 551 3606 629 3649; x_wconf 90' lang='lat' dir='ltr'><strong>cum</strong></span> <span class='ocrx_word' id='word_1_180' title='bbox 657 3586 832 3669; x_wconf 92' lang='lat' dir='ltr'><strong>triumpho</strong></span> <span class='ocrx_word' id='word_1_181' title='bbox 854 3586 899 3650; x_wconf 92' lang='lat' dir='ltr'><strong>ad</strong></span> <span class='ocrx_word' id='word_1_182' title='bbox 925 3586 1074 3669; x_wconf 87' lang='lat' dir='ltr'><strong>patriam</strong></span> <span class='ocrx_word' id='word_1_183' title='bbox 1098 3607 1152 3652; x_wconf 89' lang='lat' dir='ltr'><strong>re·</strong></span> 
     </span>
    </p>
   </div>
   <div class='ocr_carea' id='block_1_7' title="bbox 202 3945 1152 4290">
    <p class='ocr_par' dir='ltr' id='par_1_8' title="bbox 202 3945 1152 4290">
     <span class='ocr_line' id='line_1_31' title="bbox 238 3945 1152 4012; baseline 0 -16"><span class='ocrx_word' id='word_1_184' title='bbox 238 3945 246 3977; x_wconf 94' lang='lat'><strong>¹</strong></span> <span class='ocrx_word' id='word_1_185' title='bbox 260 3947 399 4012; x_wconf 68' lang='lat' dir='ltr'><strong>Hilurica]</strong></span> <span class='ocrx_word' id='word_1_186' title='bbox 416 3947 530 3997; x_wconf 84' lang='lat' dir='ltr'><strong>Another</strong></span> <span class='ocrx_word' id='word_1_187' title='bbox 547 3947 677 3997; x_wconf 84' lang='lat' dir='ltr'><strong>anachro·‘</strong></span> <span class='ocrx_word' id='word_1_188' title='bbox 691 3947 835 4010; x_wconf 77' lang='lat' dir='ltr'><strong>happening</strong></span> <span class='ocrx_word' id='word_1_189' title='bbox 846 3947 936 3996; x_wconf 77' lang='lat' dir='ltr'><strong>intao.</strong></span> <span class='ocrx_word' id='word_1_190' title='bbox 953 3946 1002 3997; x_wconf 85' lang='lat' dir='ltr'><strong>See</strong></span> <span class='ocrx_word' id='word_1_191' title='bbox 1009 3947 1050 3998; x_wconf 85' lang='lat' dir='ltr'><strong>his</strong></span> <span class='ocrx_word' id='word_1_192' title='bbox 1057 3945 1152 4010; x_wconf 83' lang='lat' dir='ltr'><strong>works,</strong></span> 
     </span>
     <span class='ocr_line' id='line_1_32' title="bbox 202 4017 1151 4149; baseline 0 -84"><span class='ocrx_word' id='word_1_193' title='bbox 202 4018 277 4080; x_wconf 84' lang='lat' dir='ltr'><strong>niam,</strong></span> <span class='ocrx_word' id='word_1_194' title='bbox 288 4019 357 4068; x_wconf 78' lang='lat' dir='ltr'><strong>since</strong></span> <span class='ocrx_word' id='word_1_195' title='bbox 370 4018 462 4080; x_wconf 80' lang='lat' dir='ltr'><strong>Hilary</strong></span> <span class='ocrx_word' id='word_1_196' title='bbox 474 4018 533 4066; x_wconf 82' lang='lat' dir='ltr'><strong>died</strong></span> <span class='ocrx_word' id='word_1_197' title='bbox 546 4019 572 4066; x_wconf 93' lang='lat' dir='ltr'><strong>in</strong></span> <span class='ocrx_word' id='word_1_198' title='bbox 583 4021 641 4067; x_wconf 77' lang='lat' dir='ltr'><strong>toa.</strong></span> <span class='ocrx_word' id='word_1_199' title='bbox 690 4018 752 4117; x_wconf 56' lang='lat' dir='ltr'><strong>edit.</strong></span> <span class='ocrx_word' id='word_1_200' title='bbox 761 4017 949 4149; x_wconf 49' lang='grc' dir='ltr'><strong>ὲθὴξῖἶὴῒῖἑωῧῗ.</strong></span> <span class='ocrx_word' id='word_1_201' title='bbox 967 4099 996 4133; x_wconf 59' lang='lat' dir='ltr'><strong>or</strong></span> <span class='ocrx_word' id='word_1_202' title='bbox 1018 4083 1151 4134; x_wconf 42' lang='lat' dir='ltr'>Cloffldis&#39;</span> 
     </span>
     <span class='ocr_line' id='line_1_33' title="bbox 237 4119 1152 4222; baseline -0.002 -17"><span class='ocrx_word' id='word_1_203' title='bbox 237 4154 248 4182; x_wconf 84' lang='lat'>²</span> <span class='ocrx_word' id='word_1_204' title='bbox 267 4157 372 4206; x_wconf 82' lang='lat' dir='ltr'><strong>Domine</strong></span> <span class='ocrx_word' id='word_1_205' title='bbox 393 4158 479 4222; x_wconf 65' lang='lat' dir='ltr'><strong>desa]</strong></span> <span class='ocrx_word' id='word_1_206' title='bbox 504 4157 566 4206; x_wconf 85' lang='lat' dir='ltr'><strong>This</strong></span> <span class='ocrx_word' id='word_1_207' title='bbox 588 4158 610 4205; x_wconf 84' lang='lat' dir='ltr'><strong>ia</strong></span> <span class='ocrx_word' id='word_1_208' title='bbox 627 4172 665 4205; x_wconf 88' lang='lat' dir='ltr'><strong>re·</strong></span> <span class='ocrx_word' id='word_1_209' title='bbox 690 4156 826 4218; x_wconf 79' lang='lat' dir='ltr'><strong>according</strong></span> <span class='ocrx_word' id='word_1_210' title='bbox 842 4160 869 4205; x_wconf 86' lang='lat' dir='ltr'><strong>to</strong></span> <span class='ocrx_word' id='word_1_211' title='bbox 884 4119 1006 4204; x_wconf 67' lang='lat' dir='ltr'><strong>Hdrmau.</strong></span> <span class='ocrx_word' id='word_1_212' title='bbox 1024 4119 1152 4203; x_wconf 57' lang='lat' dir='ltr'><strong>Contractl</strong></span> 
     </span>
     <span class='ocr_line' id='line_1_34' title="bbox 203 4223 1152 4290; baseline 0 -17"><span class='ocrx_word' id='word_1_213' title='bbox 203 4227 296 4277; x_wconf 84' lang='lat' dir='ltr'><strong>rorded</strong></span> <span class='ocrx_word' id='word_1_214' title='bbox 315 4228 349 4289; x_wconf 88' lang='lat' dir='ltr'><strong>by</strong></span> <span class='ocrx_word' id='word_1_215' title='bbox 363 4228 479 4290; x_wconf 81' lang='lat' dir='ltr'><strong>Gregory</strong></span> <span class='ocrx_word' id='word_1_216' title='bbox 496 4228 525 4276; x_wconf 85' lang='lat' dir='ltr'><strong>ol</strong></span> <span class='ocrx_word' id='word_1_217' title='bbox 538 4228 620 4276; x_wconf 86' lang='lat' dir='ltr'><strong>Tours</strong></span> <span class='ocrx_word' id='word_1_218' title='bbox 637 4242 666 4275; x_wconf 85' lang='lat' dir='ltr'><strong>aa</strong></span> <span class='ocrx_word' id='word_1_219' title='bbox 691 4223 1152 4289; x_wconf 75' lang='lat' dir='ltr'><strong>Rodhitde,0rssruodhi1de,m.tas.</strong></span> 
     </span>
    </p>
   </div>
   <div class='ocr_carea' id='block_1_8' title="bbox 0 0 1504 5004">
    <p class='ocr_par' dir='ltr' id='par_1_9' title="bbox 0 0 1504 5004">
     <span class='ocr_line' id='line_1_35' title="bbox 0 0 1504 5004; baseline 0 1"><span class='ocrx_word' id='word_1_220' title='bbox 0 0 1504 5004; x_wconf 95' lang='lat' dir='ltr'><strong> </strong></span> 
     </span>
    </p>
   </div>
  </div>
 </body>
</html>
