<?xml version="1.0" encoding="UTF-8"?>
<!DOCTYPE html PUBLIC "-//W3C//DTD XHTML 1.0 Transitional//EN"
    "http://www.w3.org/TR/xhtml1/DTD/xhtml1-transitional.dtd">
<html xmlns="http://www.w3.org/1999/xhtml" xml:lang="en" lang="en">
 <head>
  <title>
</title>
<meta http-equiv="Content-Type" content="text/html;charset=utf-8" />
  <meta name='ocr-system' content='tesseract 3.04.00' />
  <meta name='ocr-capabilities' content='ocr_page ocr_carea ocr_par ocr_line ocrx_word'/>
</head>
<body>
  <div class='ocr_page' id='page_1' title='image "./rogeridewendove05rogegoog_0190.png"; bbox 0 0 3000 5004; ppageno 0'>
   <div class='ocr_carea' id='block_1_1' title="bbox 479 405 1170 470">
    <p class='ocr_par' dir='ltr' id='par_1_1' title="bbox 479 405 1170 470">
     <span class='ocr_line' id='line_1_1' title="bbox 479 405 1170 470; baseline 0.009 -8"><span class='ocrx_word' id='word_1_1' title='bbox 479 415 617 470; x_wconf 81' lang='lat' dir='ltr'>snonns</span> <span class='ocrx_word' id='word_1_2' title='bbox 641 415 910 467; x_wconf 76' lang='lat' dir='ltr'>rusronmnuu.</span> <span class='ocrx_word' id='word_1_3' title='bbox 1106 405 1170 468; x_wconf 84' lang='grc'>145</span> 
     </span>
    </p>
   </div>
   <div class='ocr_carea' id='block_1_2' title="bbox 210 570 1167 852">
    <p class='ocr_par' dir='ltr' id='par_1_2' title="bbox 210 570 1167 852">
     <span class='ocr_line' id='line_1_2' title="bbox 213 570 1167 657; baseline 0.009 -24"><span class='ocrx_word' id='word_1_4' title='bbox 213 570 343 633; x_wconf 89' lang='lat' dir='ltr'>ciorum</span> <span class='ocrx_word' id='word_1_5' title='bbox 359 579 476 652; x_wconf 81' lang='lat' dir='ltr'>gente,</span> <span class='ocrx_word' id='word_1_6' title='bbox 495 575 637 637; x_wconf 85' lang='lat' dir='ltr'>verbum</span> <span class='ocrx_word' id='word_1_7' title='bbox 654 574 721 639; x_wconf 90' lang='lat' dir='ltr'>Dei</span> <span class='ocrx_word' id='word_1_8' title='bbox 744 575 946 657; x_wconf 83' lang='lat' dir='ltr'>praedicare,</span> <span class='ocrx_word' id='word_1_9' title='bbox 963 574 1096 657; x_wconf 86' lang='lat' dir='ltr'>[dicens</span> <span class='ocrx_word' id='word_1_10' title='bbox 1112 587 1167 642; x_wconf 86' lang='lat' dir='ltr'>ta-</span> 
     </span>
     <span class='ocr_line' id='line_1_3' title="bbox 212 669 1165 756; baseline 0.012 -25"><span class='ocrx_word' id='word_1_11' title='bbox 212 669 307 750; x_wconf 88' lang='lat' dir='ltr'><strong>men]</strong></span> <span class='ocrx_word' id='word_1_12' title='bbox 326 689 402 736; x_wconf 89' lang='lat' dir='ltr'>esse</span> <span class='ocrx_word' id='word_1_13' title='bbox 416 672 559 736; x_wconf 86' lang='lat' dir='ltr'>miseros</span> <span class='ocrx_word' id='word_1_14' title='bbox 578 682 613 737; x_wconf 88' lang='lat' dir='ltr'>et</span> <span class='ocrx_word' id='word_1_15' title='bbox 628 674 908 751; x_wconf 66' lang='lat' dir='ltr'>contemnendos</span> <span class='ocrx_word' id='word_1_16' title='bbox 925 676 984 756; x_wconf 93' lang='lat' dir='ltr'>qui</span> <span class='ocrx_word' id='word_1_17' title='bbox 999 676 1075 740; x_wconf 92' lang='lat' dir='ltr'>Deo</span> <span class='ocrx_word' id='word_1_18' title='bbox 1090 697 1165 755; x_wconf 92' lang='lat' dir='ltr'>suo,</span> 
     </span>
     <span class='ocr_line' id='line_1_4' title="bbox 210 768 1017 852; baseline 0.007 -22"><span class='ocrx_word' id='word_1_19' title='bbox 210 768 363 852; x_wconf 83' lang='lat' dir='ltr'>inquom</span> <span class='ocrx_word' id='word_1_20' title='bbox 380 771 570 849; x_wconf 84' lang='lat' dir='ltr'><strong>crederent,</strong></span> <span class='ocrx_word' id='word_1_21' title='bbox 590 780 852 837; x_wconf 83' lang='lat' dir='ltr'>contemnerent</span> <span class='ocrx_word' id='word_1_22' title='bbox 866 774 1017 838; x_wconf 81' lang='lat' dir='ltr'>obedire.</span> 
     </span>
    </p>
   </div>
   <div class='ocr_carea' id='block_1_3' title="bbox 444 937 920 1029">
    <p class='ocr_par' dir='ltr' id='par_1_3' title="bbox 444 937 920 1029">
     <span class='ocr_line' id='line_1_5' title="bbox 444 937 920 1029; baseline 0 -21"><span class='ocrx_word' id='word_1_23' title='bbox 444 939 508 1008; x_wconf 81' lang='lat' dir='ltr'>&#39;Do</span> <span class='ocrx_word' id='word_1_24' title='bbox 516 937 659 1029; x_wconf 74' lang='lat' dir='ltr'>passione</span> <span class='ocrx_word' id='word_1_25' title='bbox 673 946 774 1015; x_wconf 76' lang='lat' dir='ltr'>eoacti</span> <span class='ocrx_word' id='word_1_26' title='bbox 792 946 920 1009; x_wconf 74' lang='lat' dir='ltr'>Oswioi.</span> 
     </span>
    </p>
   </div>
   <div class='ocr_carea' id='block_1_4' title="bbox 147 1067 1297 3535">
    <p class='ocr_par' dir='ltr' id='par_1_4' title="bbox 210 1067 1297 1349">
     <span class='ocr_line' id='line_1_6' title="bbox 261 1067 1285 1153; baseline 0.002 -23"><span class='ocrx_word' id='word_1_27' title='bbox 261 1067 366 1133; x_wconf 86' lang='lat' dir='ltr'>Anno</span> <span class='ocrx_word' id='word_1_28' title='bbox 377 1070 500 1150; x_wconf 79' lang='lat' dir='ltr'>gratiae</span> <span class='ocrx_word' id='word_1_29' title='bbox 516 1086 624 1147; x_wconf 76' lang='lat' dir='ltr'>num,</span> <span class='ocrx_word' id='word_1_30' title='bbox 637 1070 892 1153; x_wconf 83' lang='lat' dir='ltr'>emergentibus</span> <span class='ocrx_word' id='word_1_31' title='bbox 909 1070 1160 1134; x_wconf 85' lang='lat' dir='ltr'>dissensionum</span> <span class='ocrx_word' id='word_1_32' title='bbox 1176 1092 1230 1133; x_wconf 72' lang='lat' dir='ltr'>nn.</span> <span class='ocrx_word' id='word_1_33' title='bbox 1240 1094 1285 1133; x_wconf 76' lang='lat' dir='ltr'>sn.</span> 
     </span>
     <span class='ocr_line' id='line_1_7' title="bbox 210 1143 1297 1250; baseline 0.003 -21"><span class='ocrx_word' id='word_1_34' title='bbox 210 1166 324 1230; x_wconf 87' lang='lat' dir='ltr'>causis</span> <span class='ocrx_word' id='word_1_35' title='bbox 341 1168 432 1233; x_wconf 92' lang='lat' dir='ltr'>inter</span> <span class='ocrx_word' id='word_1_36' title='bbox 449 1189 548 1250; x_wconf 88' lang='lat' dir='ltr'>reges</span> <span class='ocrx_word' id='word_1_37' title='bbox 563 1169 747 1233; x_wconf 89' lang='lat' dir='ltr'>Deirorum</span> <span class='ocrx_word' id='word_1_38' title='bbox 766 1177 802 1233; x_wconf 92' lang='lat' dir='ltr'>et</span> <span class='ocrx_word' id='word_1_39' title='bbox 824 1170 1076 1246; x_wconf 88' lang='lat' dir='ltr'>Berniciorum,</span> <span class='ocrx_word' id='word_1_40' title='bbox 1095 1169 1162 1233; x_wconf 88' lang='lat' dir='ltr'>Os-</span> <span class='ocrx_word' id='word_1_41' title='bbox 1174 1143 1297 1234; x_wconf 56' lang='lat' dir='ltr'>{illibi</span> 
     </span>
     <span class='ocr_line' id='line_1_8' title="bbox 211 1267 1161 1349; baseline 0.002 -20"><span class='ocrx_word' id='word_1_42' title='bbox 211 1267 314 1330; x_wconf 90' lang='lat' dir='ltr'>wium</span> <span class='ocrx_word' id='word_1_43' title='bbox 331 1268 464 1333; x_wconf 90' lang='lat' dir='ltr'>scilicet</span> <span class='ocrx_word' id='word_1_44' title='bbox 486 1276 522 1332; x_wconf 90' lang='lat' dir='ltr'>et</span> <span class='ocrx_word' id='word_1_45' title='bbox 536 1268 728 1345; x_wconf 89' lang='lat' dir='ltr'>Oswinum,</span> <span class='ocrx_word' id='word_1_46' title='bbox 745 1275 1044 1349; x_wconf 84' lang='lat' dir='ltr'>congregaverunt</span> <span class='ocrx_word' id='word_1_47' title='bbox 1061 1289 1161 1331; x_wconf 82' lang='lat' dir='ltr'>exer-</span> 
     </span>
    </p>

    <p class='ocr_par' dir='ltr' id='par_1_5' title="bbox 147 1365 1161 1748">
     <span class='ocr_line' id='line_1_9' title="bbox 147 1365 1160 1451; baseline 0.003 -23"><span class='ocrx_word' id='word_1_48' title='bbox 147 1431 159 1449; x_wconf 62' lang='grc'>,</span> <span class='ocrx_word' id='word_1_49' title='bbox 208 1365 315 1430; x_wconf 91' lang='lat' dir='ltr'>citum</span> <span class='ocrx_word' id='word_1_50' title='bbox 334 1368 471 1451; x_wconf 88' lang='lat' dir='ltr'>utrique</span> <span class='ocrx_word' id='word_1_51' title='bbox 485 1387 548 1450; x_wconf 94' lang='lat' dir='ltr'>pro</span> <span class='ocrx_word' id='word_1_52' title='bbox 566 1368 697 1432; x_wconf 88' lang='lat' dir='ltr'>viribus</span> <span class='ocrx_word' id='word_1_53' title='bbox 720 1367 764 1431; x_wconf 90' lang='lat' dir='ltr'>ad</span> <span class='ocrx_word' id='word_1_54' title='bbox 781 1377 978 1446; x_wconf 65' lang='lat' dir='ltr'>certamem</span> <span class='ocrx_word' id='word_1_55' title='bbox 1005 1368 1066 1430; x_wconf 89' lang='lat' dir='ltr'>sed</span> <span class='ocrx_word' id='word_1_56' title='bbox 1082 1387 1160 1431; x_wconf 90' lang='lat' dir='ltr'>cum</span> 
     </span>
     <span class='ocr_line' id='line_1_10' title="bbox 208 1459 1159 1549; baseline 0.001 -21"><span class='ocrx_word' id='word_1_57' title='bbox 208 1475 325 1531; x_wconf 90' lang='lat' dir='ltr'>essent</span> <span class='ocrx_word' id='word_1_58' title='bbox 333 1468 489 1549; x_wconf 85' lang='lat' dir='ltr'>praelium</span> <span class='ocrx_word' id='word_1_59' title='bbox 498 1467 768 1542; x_wconf 88' lang='lat' dir='ltr'>commissuri,in</span> <span class='ocrx_word' id='word_1_60' title='bbox 777 1459 1159 1548; x_wconf 85' lang='lat' dir='ltr'>loco,qui²‘Wilsares-</span> 
     </span>
     <span class='ocr_line' id='line_1_11' title="bbox 208 1564 1161 1649; baseline 0.002 -22"><span class='ocrx_word' id='word_1_61' title='bbox 208 1564 314 1629; x_wconf 87' lang='lat' dir='ltr'>dunc&#39;</span> <span class='ocrx_word' id='word_1_62' title='bbox 329 1568 537 1649; x_wconf 87' lang='lat' dir='ltr'>appellatur,</span> <span class='ocrx_word' id='word_1_63' title='bbox 551 1567 672 1630; x_wconf 84' lang='lat' dir='ltr'>videns</span> <span class='ocrx_word' id='word_1_64' title='bbox 691 1566 854 1630; x_wconf 89' lang='lat' dir='ltr'>Oswinus</span> <span class='ocrx_word' id='word_1_65' title='bbox 869 1586 907 1629; x_wconf 91' lang='lat' dir='ltr'>se</span> <span class='ocrx_word' id='word_1_66' title='bbox 928 1566 1094 1649; x_wconf 88' lang='lat' dir='ltr'>imparem</span> <span class='ocrx_word' id='word_1_67' title='bbox 1110 1567 1161 1629; x_wconf 90' lang='lat' dir='ltr'>vi-</span> 
     </span>
     <span class='ocr_line' id='line_1_12' title="bbox 210 1665 1157 1748; baseline 0.003 -21"><span class='ocrx_word' id='word_1_68' title='bbox 210 1665 304 1728; x_wconf 89' lang='lat' dir='ltr'>ribus</span> <span class='ocrx_word' id='word_1_69' title='bbox 330 1666 472 1743; x_wconf 91' lang='lat' dir='ltr'>inimici,</span> <span class='ocrx_word' id='word_1_70' title='bbox 498 1666 630 1730; x_wconf 90' lang='lat' dir='ltr'>remisit</span> <span class='ocrx_word' id='word_1_71' title='bbox 653 1667 844 1729; x_wconf 84' lang='lat' dir='ltr'>exercitum</span> <span class='ocrx_word' id='word_1_72' title='bbox 872 1686 974 1748; x_wconf 89' lang='lat' dir='ltr'>quem</span> <span class='ocrx_word' id='word_1_73' title='bbox 1002 1667 1157 1747; x_wconf 88' lang='lat' dir='ltr'>regebat,</span> 
     </span>
    </p>

    <p class='ocr_par' dir='ltr' id='par_1_6' title="bbox 207 1764 1271 2642">
     <span class='ocr_line' id='line_1_13' title="bbox 208 1764 1158 1848; baseline 0.002 -21"><span class='ocrx_word' id='word_1_74' title='bbox 208 1782 250 1827; x_wconf 84' lang='lat' dir='ltr'>ao</span> <span class='ocrx_word' id='word_1_75' title='bbox 278 1766 435 1829; x_wconf 89' lang='lat' dir='ltr'>omnibus</span> <span class='ocrx_word' id='word_1_76' title='bbox 463 1767 601 1830; x_wconf 91' lang='lat' dir='ltr'>domum</span> <span class='ocrx_word' id='word_1_77' title='bbox 632 1765 742 1829; x_wconf 88' lang='lat' dir='ltr'>redire</span> <span class='ocrx_word' id='word_1_78' title='bbox 774 1766 951 1848; x_wconf 87' lang='lat' dir='ltr'>praecepit,</span> <span class='ocrx_word' id='word_1_79' title='bbox 982 1764 1158 1829; x_wconf 87' lang='lat' dir='ltr'>divertens</span> 
     </span>
     <span class='ocr_line' id='line_1_14' title="bbox 209 1864 1158 1946; baseline 0.003 -19"><span class='ocrx_word' id='word_1_80' title='bbox 209 1864 282 1946; x_wconf 91' lang='lat' dir='ltr'>ipse</span> <span class='ocrx_word' id='word_1_81' title='bbox 308 1884 385 1928; x_wconf 92' lang='lat' dir='ltr'>cum</span> <span class='ocrx_word' id='word_1_82' title='bbox 412 1886 482 1929; x_wconf 81' lang='lat' dir='ltr'>rrno</span> <span class='ocrx_word' id='word_1_83' title='bbox 510 1866 585 1929; x_wconf 87' lang='lat' dir='ltr'>solo</span> <span class='ocrx_word' id='word_1_84' title='bbox 616 1865 737 1942; x_wconf 89' lang='lat' dir='ltr'>milite,</span> <span class='ocrx_word' id='word_1_85' title='bbox 761 1865 922 1929; x_wconf 88' lang='lat' dir='ltr'>Tonhero</span> <span class='ocrx_word' id='word_1_86' title='bbox 949 1865 1098 1941; x_wconf 90' lang='lat' dir='ltr'>nomine,</span> <span class='ocrx_word' id='word_1_87' title='bbox 1120 1865 1158 1930; x_wconf 91' lang='lat' dir='ltr'>in</span> 
     </span>
     <span class='ocr_line' id='line_1_15' title="bbox 207 1962 1157 2041; baseline 0.002 -15"><span class='ocrx_word' id='word_1_88' title='bbox 207 1962 310 2028; x_wconf 91' lang='lat' dir='ltr'>domo</span> <span class='ocrx_word' id='word_1_89' title='bbox 325 1965 459 2029; x_wconf 89' lang='lat' dir='ltr'>comitis</span> <span class='ocrx_word' id='word_1_90' title='bbox 478 1964 667 2029; x_wconf 90' lang='lat' dir='ltr'>Hunwaldi</span> <span class='ocrx_word' id='word_1_91' title='bbox 684 1964 749 2028; x_wconf 91' lang='lat' dir='ltr'>sibi</span> <span class='ocrx_word' id='word_1_92' title='bbox 763 1964 973 2041; x_wconf 80' lang='lat' dir='ltr'>amicissimi,</span> <span class='ocrx_word' id='word_1_93' title='bbox 985 1972 1025 2028; x_wconf 88' lang='lat' dir='ltr'>ut</span> <span class='ocrx_word' id='word_1_94' title='bbox 1040 1964 1157 2028; x_wconf 88' lang='lat' dir='ltr'>crede-</span> 
     </span>
     <span class='ocr_line' id='line_1_16' title="bbox 208 2063 1156 2146; baseline 0.001 -20"><span class='ocrx_word' id='word_1_95' title='bbox 208 2063 288 2141; x_wconf 87' lang='lat' dir='ltr'>bat;</span> <span class='ocrx_word' id='word_1_96' title='bbox 311 2063 372 2127; x_wconf 89' lang='lat' dir='ltr'>sed</span> <span class='ocrx_word' id='word_1_97' title='bbox 387 2064 490 2146; x_wconf 85' lang='lat' dir='ltr'>longe</span> <span class='ocrx_word' id='word_1_98' title='bbox 509 2063 610 2128; x_wconf 87' lang='lat' dir='ltr'>aliter</span> <span class='ocrx_word' id='word_1_99' title='bbox 624 2071 711 2141; x_wconf 88' lang='lat' dir='ltr'>erat,</span> <span class='ocrx_word' id='word_1_100' title='bbox 734 2083 813 2127; x_wconf 88' lang='lat' dir='ltr'>nam</span> <span class='ocrx_word' id='word_1_101' title='bbox 828 2063 1009 2128; x_wconf 88' lang='lat' dir='ltr'>abeodem</span> <span class='ocrx_word' id='word_1_102' title='bbox 1031 2063 1156 2128; x_wconf 90' lang='lat' dir='ltr'>comite</span> 
     </span>
     <span class='ocr_line' id='line_1_17' title="bbox 208 2161 1155 2246; baseline -0.001 -19"><span class='ocrx_word' id='word_1_103' title='bbox 208 2163 377 2243; x_wconf 85' lang='lat' dir='ltr'>proditus,</span> <span class='ocrx_word' id='word_1_104' title='bbox 394 2163 488 2228; x_wconf 91' lang='lat' dir='ltr'>misit</span> <span class='ocrx_word' id='word_1_105' title='bbox 502 2164 640 2228; x_wconf 87' lang='lat' dir='ltr'>Oswius</span> <span class='ocrx_word' id='word_1_106' title='bbox 655 2164 879 2246; x_wconf 78' lang='lat' dir='ltr'>praepositum</span> <span class='ocrx_word' id='word_1_107' title='bbox 895 2182 996 2227; x_wconf 92' lang='lat' dir='ltr'>suum</span> <span class='ocrx_word' id='word_1_108' title='bbox 1010 2161 1155 2227; x_wconf 84' lang='lat' dir='ltr'>Aethel-</span> 
     </span>
     <span class='ocr_line' id='line_1_18' title="bbox 208 2262 1271 2370; baseline 0.001 -45"><span class='ocrx_word' id='word_1_109' title='bbox 208 2262 335 2325; x_wconf 88' lang='lat' dir='ltr'>winum</span> <span class='ocrx_word' id='word_1_110' title='bbox 363 2270 403 2326; x_wconf 89' lang='lat' dir='ltr'>ut</span> <span class='ocrx_word' id='word_1_111' title='bbox 435 2283 550 2344; x_wconf 86' lang='lat' dir='ltr'>regem</span> <span class='ocrx_word' id='word_1_112' title='bbox 586 2262 793 2345; x_wconf 86' lang='lat' dir='ltr'>perimerct;</span> <span class='ocrx_word' id='word_1_113' title='bbox 831 2262 931 2345; x_wconf 92' lang='lat' dir='ltr'>cujus</span> <span class='ocrx_word' id='word_1_114' title='bbox 968 2263 1154 2326; x_wconf 83' lang='lat' dir='ltr'>adventum</span> <span class='ocrx_word' id='word_1_115' title='bbox 1168 2279 1271 2370; x_wconf 46' lang='lat' dir='ltr'>papus</span> 
     </span>
     <span class='ocr_line' id='line_1_19' title="bbox 209 2357 1247 2444; baseline 0 -20"><span class='ocrx_word' id='word_1_116' title='bbox 209 2361 372 2426; x_wconf 88' lang='lat' dir='ltr'>Oswinus</span> <span class='ocrx_word' id='word_1_117' title='bbox 386 2381 464 2426; x_wconf 88' lang='lat' dir='ltr'>cum</span> <span class='ocrx_word' id='word_1_118' title='bbox 481 2364 713 2444; x_wconf 82' lang='lat' dir='ltr'>cognovisset,</span> <span class='ocrx_word' id='word_1_119' title='bbox 730 2363 842 2426; x_wconf 86' lang='lat' dir='ltr'>exivit</span> <span class='ocrx_word' id='word_1_120' title='bbox 855 2361 1020 2426; x_wconf 88' lang='lat' dir='ltr'>continuo</span> <span class='ocrx_word' id='word_1_121' title='bbox 1035 2380 1155 2426; x_wconf 92' lang='lat' dir='ltr'>occur·</span> <span class='ocrx_word' id='word_1_122' title='bbox 1241 2357 1247 2368; x_wconf 86' lang='lat'>&#39;</span> 
     </span>
     <span class='ocr_line' id='line_1_20' title="bbox 208 2461 1156 2545; baseline -0.001 -20"><span class='ocrx_word' id='word_1_123' title='bbox 208 2480 286 2525; x_wconf 86' lang='lat' dir='ltr'>rens</span> <span class='ocrx_word' id='word_1_124' title='bbox 316 2461 441 2542; x_wconf 81' lang='lat' dir='ltr'>gladiis</span> <span class='ocrx_word' id='word_1_125' title='bbox 470 2463 678 2545; x_wconf 87' lang='lat' dir='ltr'>iniquorum,</span> <span class='ocrx_word' id='word_1_126' title='bbox 711 2462 747 2524; x_wconf 90' lang='lat' dir='ltr'>in</span> <span class='ocrx_word' id='word_1_127' title='bbox 773 2481 874 2544; x_wconf 89' lang='lat' dir='ltr'>quem</span> <span class='ocrx_word' id='word_1_128' title='bbox 900 2462 1037 2525; x_wconf 87' lang='lat' dir='ltr'>lictores</span> <span class='ocrx_word' id='word_1_129' title='bbox 1067 2462 1156 2524; x_wconf 90' lang='lat' dir='ltr'>irru-</span> 
     </span>
     <span class='ocr_line' id='line_1_21' title="bbox 208 2560 1156 2642; baseline -0.002 -17"><span class='ocrx_word' id='word_1_130' title='bbox 208 2569 317 2638; x_wconf 85' lang='lat' dir='ltr'>entes,</span> <span class='ocrx_word' id='word_1_131' title='bbox 332 2580 403 2624; x_wconf 94' lang='lat' dir='ltr'>una</span> <span class='ocrx_word' id='word_1_132' title='bbox 424 2580 503 2624; x_wconf 91' lang='lat' dir='ltr'>cum</span> <span class='ocrx_word' id='word_1_133' title='bbox 530 2561 639 2625; x_wconf 90' lang='lat' dir='ltr'>milite</span> <span class='ocrx_word' id='word_1_134' title='bbox 662 2580 737 2637; x_wconf 93' lang='lat' dir='ltr'>suo,</span> <span class='ocrx_word' id='word_1_135' title='bbox 762 2561 798 2623; x_wconf 95' lang='lat' dir='ltr'>in</span> <span class='ocrx_word' id='word_1_136' title='bbox 825 2561 915 2638; x_wconf 87' lang='lat' dir='ltr'>loco,</span> <span class='ocrx_word' id='word_1_137' title='bbox 943 2560 1002 2642; x_wconf 92' lang='lat' dir='ltr'>qui</span> <span class='ocrx_word' id='word_1_138' title='bbox 1030 2560 1156 2625; x_wconf 91' lang='lat' dir='ltr'>dicitur</span> 
     </span>
    </p>

    <p class='ocr_par' dir='ltr' id='par_1_7' title="bbox 206 2653 1154 2824">
     <span class='ocr_line' id='line_1_22' title="bbox 206 2653 1154 2742; baseline -0.002 -18"><span class='ocrx_word' id='word_1_139' title='bbox 206 2653 234 2694; x_wconf 80' lang='lat'>³‘</span> <span class='ocrx_word' id='word_1_140' title='bbox 249 2660 511 2742; x_wconf 85' lang='lat' dir='ltr'>Ingetlingnm,’</span> <span class='ocrx_word' id='word_1_141' title='bbox 527 2668 637 2725; x_wconf 89' lang='lat' dir='ltr'>morte</span> <span class='ocrx_word' id='word_1_142' title='bbox 663 2660 821 2724; x_wconf 91' lang='lat' dir='ltr'>omnibns</span> <span class='ocrx_word' id='word_1_143' title='bbox 850 2660 1055 2724; x_wconf 88' lang='lat' dir='ltr'>detestanda</span> <span class='ocrx_word' id='word_1_144' title='bbox 1077 2679 1154 2742; x_wconf 88' lang='lat' dir='ltr'>per-</span> 
     </span>
     <span class='ocr_line' id='line_1_23' title="bbox 206 2766 373 2824; baseline 0 -1"><span class='ocrx_word' id='word_1_145' title='bbox 206 2766 373 2824; x_wconf 88' lang='lat' dir='ltr'>emerunt.</span> 
     </span>
    </p>

    <p class='ocr_par' dir='ltr' id='par_1_8' title="bbox 204 2858 1155 3535">
     <span class='ocr_line' id='line_1_24' title="bbox 256 2858 1154 2943; baseline 0 -21"><span class='ocrx_word' id='word_1_146' title='bbox 256 2858 314 2923; x_wconf 88' lang='lat' dir='ltr'>Sic</span> <span class='ocrx_word' id='word_1_147' title='bbox 336 2859 453 2941; x_wconf 85' lang='lat' dir='ltr'>itaque</span> <span class='ocrx_word' id='word_1_148' title='bbox 470 2859 645 2936; x_wconf 87' lang='lat' dir='ltr'>Oswinus,</span> <span class='ocrx_word' id='word_1_149' title='bbox 668 2859 863 2943; x_wconf 85' lang='lat' dir='ltr'>exemplum</span> <span class='ocrx_word' id='word_1_150' title='bbox 885 2858 1077 2922; x_wconf 85' lang='lat' dir='ltr'>Salvatoris</span> <span class='ocrx_word' id='word_1_151' title='bbox 1100 2859 1154 2922; x_wconf 93' lang='lat' dir='ltr'>in-</span> 
     </span>
     <span class='ocr_line' id='line_1_25' title="bbox 205 2955 1154 3041; baseline -0.002 -19"><span class='ocrx_word' id='word_1_152' title='bbox 205 2965 358 3034; x_wconf 67' lang='lat' dir='ltr'>secutus</span> <span class='ocrx_word' id='word_1_153' title='bbox 381 2958 463 3021; x_wconf 93' lang='lat' dir='ltr'>dum</span> <span class='ocrx_word' id='word_1_154' title='bbox 485 2958 529 3022; x_wconf 88' lang='lat' dir='ltr'>ad</span> <span class='ocrx_word' id='word_1_155' title='bbox 549 2959 743 3041; x_wconf 83' lang='lat' dir='ltr'>passionem</span> <span class='ocrx_word' id='word_1_156' title='bbox 767 2977 956 3041; x_wconf 88' lang='lat' dir='ltr'>properans</span> <span class='ocrx_word' id='word_1_157' title='bbox 982 2955 1154 3021; x_wconf 83' lang='lat' dir='ltr'>aJudaeis</span> 
     </span>
     <span class='ocr_line' id='line_1_26' title="bbox 205 3058 1152 3140; baseline -0.002 -20"><span class='ocrx_word' id='word_1_158' title='bbox 205 3065 419 3140; x_wconf 73' lang='lat' dir='ltr'>quaereretur</span> <span class='ocrx_word' id='word_1_159' title='bbox 440 3066 480 3121; x_wconf 90' lang='lat' dir='ltr'>ut</span> <span class='ocrx_word' id='word_1_160' title='bbox 501 3058 770 3139; x_wconf 87' lang='lat' dir='ltr'>crucifigeretur,</span> <span class='ocrx_word' id='word_1_161' title='bbox 793 3059 879 3140; x_wconf 89' lang='lat' dir='ltr'>ipse,</span> <span class='ocrx_word' id='word_1_162' title='bbox 897 3076 999 3138; x_wconf 92' lang='lat' dir='ltr'>quem</span> <span class='ocrx_word' id='word_1_163' title='bbox 1019 3075 1152 3138; x_wconf 86' lang='lat' dir='ltr'>quaere·</span> 
     </span>
     <span class='ocr_line' id='line_1_27' title="bbox 204 3153 1153 3239; baseline -0.001 -20"><span class='ocrx_word' id='word_1_164' title='bbox 204 3164 294 3233; x_wconf 91' lang='lat' dir='ltr'>rent,</span> <span class='ocrx_word' id='word_1_165' title='bbox 310 3164 568 3238; x_wconf 87' lang='lat' dir='ltr'>percunctetur,</span> <span class='ocrx_word' id='word_1_166' title='bbox 590 3157 877 3239; x_wconf 89' lang='lat' dir='ltr'>respondentibus</span> <span class='ocrx_word' id='word_1_167' title='bbox 900 3155 968 3218; x_wconf 90' lang='lat' dir='ltr'>illis</span> <span class='ocrx_word' id='word_1_168' title='bbox 983 3153 1077 3239; x_wconf 92' lang='lat' dir='ltr'>quod</span> <span class='ocrx_word' id='word_1_169' title='bbox 1091 3153 1115 3219; x_wconf 87' lang='lat' dir='ltr'>J</span> <span class='ocrx_word' id='word_1_170' title='bbox 1118 3175 1153 3218; x_wconf 88' lang='lat' dir='ltr'>e-</span> 
     </span>
     <span class='ocr_line' id='line_1_28' title="bbox 205 3254 1155 3339; baseline -0.003 -20"><span class='ocrx_word' id='word_1_171' title='bbox 205 3274 281 3319; x_wconf 86' lang='lat' dir='ltr'>sum</span> <span class='ocrx_word' id='word_1_172' title='bbox 298 3264 493 3339; x_wconf 80' lang='lat' dir='ltr'>quaererent</span> <span class='ocrx_word' id='word_1_173' title='bbox 510 3255 742 3332; x_wconf 86' lang='lat' dir='ltr'>Nazarenum,</span> <span class='ocrx_word' id='word_1_174' title='bbox 762 3256 823 3332; x_wconf 89' lang='lat' dir='ltr'>ait,</span> <span class='ocrx_word' id='word_1_175' title='bbox 837 3254 896 3317; x_wconf 90' lang='lat' dir='ltr'>‘Si</span> <span class='ocrx_word' id='word_1_176' title='bbox 913 3274 968 3317; x_wconf 91' lang='lat' dir='ltr'>me</span> <span class='ocrx_word' id='word_1_177' title='bbox 986 3254 1155 3338; x_wconf 85' lang='lat' dir='ltr'>quaeritis,</span> 
     </span>
     <span class='ocr_line' id='line_1_29' title="bbox 204 3354 1155 3438; baseline 0 -20"><span class='ocrx_word' id='word_1_178' title='bbox 204 3355 307 3419; x_wconf 87' lang='lat' dir='ltr'>sinite</span> <span class='ocrx_word' id='word_1_179' title='bbox 333 3355 397 3419; x_wconf 90' lang='lat' dir='ltr'>hos</span> <span class='ocrx_word' id='word_1_180' title='bbox 425 3355 544 3432; x_wconf 89' lang='lat' dir='ltr'>abire,’</span> <span class='ocrx_word' id='word_1_181' title='bbox 565 3355 753 3438; x_wconf 87' lang='lat' dir='ltr'>discipulos</span> <span class='ocrx_word' id='word_1_182' title='bbox 775 3355 917 3417; x_wconf 88' lang='lat' dir='ltr'>innuere</span> <span class='ocrx_word' id='word_1_183' title='bbox 943 3354 1075 3430; x_wconf 81' lang='lat' dir='ltr'>volens,</span> <span class='ocrx_word' id='word_1_184' title='bbox 1098 3373 1155 3418; x_wconf 90' lang='lat' dir='ltr'>so·</span> 
     </span>
     <span class='ocr_line' id='line_1_30' title="bbox 204 3453 1152 3535; baseline 0.001 -19"><span class='ocrx_word' id='word_1_185' title='bbox 204 3453 259 3516; x_wconf 86' lang='lat' dir='ltr'>lus</span> <span class='ocrx_word' id='word_1_186' title='bbox 295 3455 385 3518; x_wconf 89' lang='lat' dir='ltr'>enim</span> <span class='ocrx_word' id='word_1_187' title='bbox 424 3453 615 3519; x_wconf 87' lang='lat' dir='ltr'>sufficiebat</span> <span class='ocrx_word' id='word_1_188' title='bbox 642 3454 687 3518; x_wconf 88' lang='lat' dir='ltr'>ad</span> <span class='ocrx_word' id='word_1_189' title='bbox 723 3453 992 3535; x_wconf 85' lang='lat' dir='ltr'>redemptionem</span> <span class='ocrx_word' id='word_1_190' title='bbox 1022 3453 1152 3517; x_wconf 92' lang='lat' dir='ltr'>mundi.</span> 
     </span>
    </p>
   </div>
   <div class='ocr_carea' id='block_1_5' title="bbox 206 3551 1153 3637">
    <p class='ocr_par' dir='ltr' id='par_1_9' title="bbox 206 3551 1153 3637">
     <span class='ocr_line' id='line_1_31' title="bbox 206 3551 1153 3637; baseline 0 -22"><span class='ocrx_word' id='word_1_191' title='bbox 206 3551 287 3617; x_wconf 92' lang='lat' dir='ltr'>Hoc</span> <span class='ocrx_word' id='word_1_192' title='bbox 313 3554 543 3637; x_wconf 68' lang='lat' dir='ltr'>exemplant</span> <span class='ocrx_word' id='word_1_193' title='bbox 566 3554 695 3619; x_wconf 92' lang='lat' dir='ltr'>dictum</span> <span class='ocrx_word' id='word_1_194' title='bbox 721 3561 786 3629; x_wconf 86' lang='lat' dir='ltr'>est,</span> <span class='ocrx_word' id='word_1_195' title='bbox 804 3552 976 3617; x_wconf 89' lang='lat' dir='ltr'>animatus</span> <span class='ocrx_word' id='word_1_196' title='bbox 991 3551 1153 3616; x_wconf 88' lang='lat' dir='ltr'>Oswinus</span> 
     </span>
    </p>
   </div>
   <div class='ocr_carea' id='block_1_6' title="bbox 202 3781 1154 4265">
    <p class='ocr_par' dir='ltr' id='par_1_10' title="bbox 202 3781 1152 3917">
     <span class='ocr_line' id='line_1_32' title="bbox 240 3781 1152 3854; baseline 0.002 -20"><span class='ocrx_word' id='word_1_197' title='bbox 240 3783 247 3817; x_wconf 89' lang='lat'><strong>¹</strong></span> <span class='ocrx_word' id='word_1_198' title='bbox 262 3785 299 3834; x_wconf 79' lang='lat' dir='ltr'>Dc</span> <span class='ocrx_word' id='word_1_199' title='bbox 316 3784 427 3848; x_wconf 60' lang='lat' dir='ltr'>perdone</span> <span class='ocrx_word' id='word_1_200' title='bbox 446 3786 525 3834; x_wconf 69' lang='lat' dir='ltr'>macti</span> <span class='ocrx_word' id='word_1_201' title='bbox 546 3781 664 3854; x_wconf 62' lang='lat' dir='ltr'>Omina]</span> <span class='ocrx_word' id='word_1_202' title='bbox 690 3786 819 3847; x_wconf 83' lang='lat' dir='ltr'>supposed</span> <span class='ocrx_word' id='word_1_203' title='bbox 830 3790 856 3834; x_wconf 89' lang='lat' dir='ltr'>to</span> <span class='ocrx_word' id='word_1_204' title='bbox 865 3786 896 3835; x_wconf 88' lang='lat' dir='ltr'>be</span> <span class='ocrx_word' id='word_1_205' title='bbox 908 3784 1038 3835; x_wconf 82' lang='lat' dir='ltr'>Oettericb</span> <span class='ocrx_word' id='word_1_206' title='bbox 1049 3785 1152 3849; x_wconf 84' lang='lat' dir='ltr'>Bridge.</span> 
     </span>
     <span class='ocr_line' id='line_1_33' title="bbox 202 3853 1083 3917; baseline 0.002 -14"><span class='ocrx_word' id='word_1_207' title='bbox 202 3853 257 3903; x_wconf 80' lang='lat' dir='ltr'>&#39;ibo</span> <span class='ocrx_word' id='word_1_208' title='bbox 279 3859 387 3904; x_wconf 77' lang='lat' dir='ltr'>account</span> <span class='ocrx_word' id='word_1_209' title='bbox 403 3854 433 3904; x_wconf 80' lang='lat' dir='ltr'>oi</span> <span class='ocrx_word' id='word_1_210' title='bbox 451 3854 493 3904; x_wconf 83' lang='lat' dir='ltr'>the</span> <span class='ocrx_word' id='word_1_211' title='bbox 516 3857 618 3917; x_wconf 84' lang='lat' dir='ltr'>passion</span> <span class='ocrx_word' id='word_1_212' title='bbox 640 3855 669 3904; x_wconf 85' lang='lat' dir='ltr'>oi</span> <span class='ocrx_word' id='word_1_213' title='bbox 690 3855 776 3914; x_wconf 76' lang='lat' dir='ltr'>Isia,-</span> <span class='ocrx_word' id='word_1_214' title='bbox 793 3855 937 3905; x_wconf 84' lang='lat' dir='ltr'>seeCamd.</span> <span class='ocrx_word' id='word_1_215' title='bbox 948 3856 975 3904; x_wconf 92' lang='lat' dir='ltr'>ii.</span> <span class='ocrx_word' id='word_1_216' title='bbox 988 3870 1014 3916; x_wconf 89' lang='lat' dir='ltr'>p.</span> <span class='ocrx_word' id='word_1_217' title='bbox 1027 3858 1083 3905; x_wconf 75' lang='grc'><strong>120.</strong></span> 
     </span>
    </p>

    <p class='ocr_par' dir='ltr' id='par_1_11' title="bbox 203 3922 1154 3990">
     <span class='ocr_line' id='line_1_34' title="bbox 203 3922 1154 3990; baseline -0.001 -16"><span class='ocrx_word' id='word_1_218' title='bbox 203 3922 400 3974; x_wconf 81' lang='lat' dir='ltr'>Oswinisfrom</span> <span class='ocrx_word' id='word_1_219' title='bbox 412 3923 493 3988; x_wconf 73' lang='lat' dir='ltr'>Beda,</span> <span class='ocrx_word' id='word_1_220' title='bbox 509 3922 591 3990; x_wconf 82' lang='lat'>§188‚</span> <span class='ocrx_word' id='word_1_221' title='bbox 602 3940 665 3989; x_wconf 75' lang='lat' dir='ltr'>seqq.</span> <span class='ocrx_word' id='word_1_222' title='bbox 726 3922 964 3987; x_wconf 73' lang='lat' dir='ltr'>&#39;ingetlisgsm.]</span> <span class='ocrx_word' id='word_1_223' title='bbox 1000 3924 1067 3972; x_wconf 85' lang='lat' dir='ltr'>Now</span> <span class='ocrx_word' id='word_1_224' title='bbox 1095 3923 1154 3973; x_wconf 83' lang='lat' dir='ltr'>Gil-</span> 
     </span>
    </p>

    <p class='ocr_par' dir='ltr' id='par_1_12' title="bbox 691 3993 1153 4055">
     <span class='ocr_line' id='line_1_35' title="bbox 691 3993 1153 4055; baseline -0.002 -14"><span class='ocrx_word' id='word_1_225' title='bbox 691 3993 753 4055; x_wconf 87' lang='lat' dir='ltr'>ling,</span> <span class='ocrx_word' id='word_1_226' title='bbox 775 4009 804 4043; x_wconf 87' lang='lat' dir='ltr'>or</span> <span class='ocrx_word' id='word_1_227' title='bbox 825 3993 935 4055; x_wconf 74' lang='lat' dir='ltr'>reding,</span> <span class='ocrx_word' id='word_1_228' title='bbox 963 3993 1098 4053; x_wconf 81' lang='lat' dir='ltr'>according</span> <span class='ocrx_word' id='word_1_229' title='bbox 1127 3997 1153 4040; x_wconf 85' lang='lat' dir='ltr'>to</span> 
     </span>
    </p>

    <p class='ocr_par' dir='ltr' id='par_1_13' title="bbox 238 4060 1154 4126">
     <span class='ocr_line' id='line_1_36' title="bbox 238 4060 1154 4126; baseline -0.004 -14"><span class='ocrx_word' id='word_1_230' title='bbox 238 4060 249 4094; x_wconf 82' lang='lat'>²</span> <span class='ocrx_word' id='word_1_231' title='bbox 274 4061 487 4126; x_wconf 60' lang='lat' dir='ltr'>woradum]</span> <span class='ocrx_word' id='word_1_232' title='bbox 523 4063 596 4112; x_wconf 79' lang='lat' dir='ltr'>Beda</span> <span class='ocrx_word' id='word_1_233' title='bbox 623 4063 667 4111; x_wconf 88' lang='lat' dir='ltr'>de·</span> <span class='ocrx_word' id='word_1_234' title='bbox 690 4062 791 4126; x_wconf 70' lang='lat' dir='ltr'>llndnl,</span> <span class='ocrx_word' id='word_1_235' title='bbox 813 4077 874 4112; x_wconf 85' lang='lat' dir='ltr'>near</span> <span class='ocrx_word' id='word_1_236' title='bbox 900 4061 1050 4123; x_wconf 86' lang='lat' dir='ltr'>Richmond,</span> <span class='ocrx_word' id='word_1_237' title='bbox 1072 4061 1154 4109; x_wconf 85' lang='lat' dir='ltr'>York-</span> 
     </span>
    </p>

    <p class='ocr_par' dir='ltr' id='par_1_14' title="bbox 202 4129 1154 4265">
     <span class='ocr_line' id='line_1_37' title="bbox 202 4129 1154 4194; baseline -0.005 -11"><span class='ocrx_word' id='word_1_238' title='bbox 202 4133 297 4184; x_wconf 80' lang='lat' dir='ltr'>scribes</span> <span class='ocrx_word' id='word_1_239' title='bbox 315 4132 366 4181; x_wconf 83' lang='lat' dir='ltr'>this</span> <span class='ocrx_word' id='word_1_240' title='bbox 385 4132 458 4194; x_wconf 73' lang='lat' dir='ltr'>place</span> <span class='ocrx_word' id='word_1_241' title='bbox 477 4147 507 4182; x_wconf 80' lang='lat' dir='ltr'>as</span> <span class='ocrx_word' id='word_1_242' title='bbox 521 4134 609 4194; x_wconf 78' lang='lat' dir='ltr'>nearly</span> <span class='ocrx_word' id='word_1_243' title='bbox 625 4137 667 4181; x_wconf 85' lang='lat' dir='ltr'>ten</span> <span class='ocrx_word' id='word_1_244' title='bbox 691 4132 767 4181; x_wconf 83' lang='lat' dir='ltr'>ubire.</span> <span class='ocrx_word' id='word_1_245' title='bbox 804 4132 853 4181; x_wconf 80' lang='lat' dir='ltr'>For</span> <span class='ocrx_word' id='word_1_246' title='bbox 874 4132 916 4180; x_wconf 85' lang='lat' dir='ltr'>the</span> <span class='ocrx_word' id='word_1_247' title='bbox 938 4135 1047 4180; x_wconf 86' lang='lat' dir='ltr'>account</span> <span class='ocrx_word' id='word_1_248' title='bbox 1068 4129 1154 4178; x_wconf 81' lang='lat' dir='ltr'>which</span> 
     </span>
     <span class='ocr_line' id='line_1_38' title="bbox 203 4197 1101 4265; baseline -0.006 -12"><span class='ocrx_word' id='word_1_249' title='bbox 203 4203 275 4253; x_wconf 84' lang='lat' dir='ltr'>miles</span> <span class='ocrx_word' id='word_1_250' title='bbox 282 4201 346 4251; x_wconf 81' lang='lat' dir='ltr'>from</span> <span class='ocrx_word' id='word_1_251' title='bbox 354 4201 498 4265; x_wconf 71' lang='lat' dir='ltr'>catarecte,</span> <span class='ocrx_word' id='word_1_252' title='bbox 508 4218 537 4252; x_wconf 92' lang='lat' dir='ltr'>or</span> <span class='ocrx_word' id='word_1_253' title='bbox 545 4202 667 4265; x_wconf 73' lang='lat' dir='ltr'>uenient,</span> <span class='ocrx_word' id='word_1_254' title='bbox 692 4201 800 4264; x_wconf 79' lang='lat' dir='ltr'>follows,</span> <span class='ocrx_word' id='word_1_255' title='bbox 811 4215 853 4250; x_wconf 86' lang='lat' dir='ltr'>ses</span> <span class='ocrx_word' id='word_1_256' title='bbox 866 4201 947 4261; x_wconf 81' lang='lat' dir='ltr'>Beda,</span> <span class='ocrx_word' id='word_1_257' title='bbox 957 4197 971 4265; x_wconf 62' lang='grc' dir='ltr'><strong>ξ</strong></span> <span class='ocrx_word' id='word_1_258' title='bbox 983 4203 1040 4262; x_wconf 81' lang='grc'><strong>189,</strong></span> <span class='ocrx_word' id='word_1_259' title='bbox 1050 4213 1101 4262; x_wconf 81' lang='lat' dir='ltr'>seq.</span> 
     </span>
    </p>
   </div>
   <div class='ocr_carea' id='block_1_7' title="bbox 252 4289 1005 4340">
    <p class='ocr_par' dir='ltr' id='par_1_15' title="bbox 252 4289 1005 4340">
     <span class='ocr_line' id='line_1_39' title="bbox 252 4289 1005 4340; baseline -0.003 -2"><span class='ocrx_word' id='word_1_260' title='bbox 252 4292 333 4340; x_wconf 72' lang='lat' dir='ltr'>vola.</span> <span class='ocrx_word' id='word_1_261' title='bbox 357 4291 378 4338; x_wconf 90' lang='lat'>1.</span> <span class='ocrx_word' id='word_1_262' title='bbox 984 4289 1005 4336; x_wconf 72' lang='lat' dir='ltr'>lr</span> 
     </span>
    </p>
   </div>
   <div class='ocr_carea' id='block_1_8' title="bbox 0 0 1504 5004">
    <p class='ocr_par' dir='ltr' id='par_1_16' title="bbox 0 0 1504 5004">
     <span class='ocr_line' id='line_1_40' title="bbox 0 0 1504 5004; baseline 0 3"><span class='ocrx_word' id='word_1_263' title='bbox 0 0 1504 5004; x_wconf 95' lang='lat' dir='ltr'> </span> 
     </span>
    </p>
   </div>
  </div>
 </body>
</html>
