3000 5004
351 466 416 529 156
609 477 743 527 uocum
767 475 814 523 nu
838 474 1044 523 wuunovna

350 646 478 702 terram
499 637 576 721 ejus
600 637 786 720 spoliavit3
813 635 953 699 tandem
980 634 1024 698 ad
1047 634 1196 698 insulam
1212 632 1303 699 Vec-

267 769 277 781 =
351 747 423 800 tam
445 739 649 820 perveniens
671 737 762 800 bello
777 755 854 801 eam
879 735 1041 800 obtinuit.
1093 734 1173 799 Hoc
1196 735 1301 797 etiam

351 845 506 919 tempore
528 830 793 913 ¹Athelwuldus,
808 855 870 899 rex
888 835 1092 899 australium
1108 834 1302 911 Saxonum,

351 955 443 1000 anno
470 937 567 1018 regni
589 938 643 999 sui
660 944 785 1018 quarto
799 955 821 999 a
834 935 980 1019 praefato
994 934 1158 999 Wlfhero
1180 932 1302 1016 subju-

350 1044 455 1118 gatus
477 1036 579 1099 fidem
602 1035 732 1100 Christi
755 1034 921 1118 suscepit,
945 1042 981 1098 ct
1006 1034 1051 1097 ab
1076 1033 1198 1098 eodem
1219 1038 1329 1114 rego·

351 1135 394 1199 de
416 1156 516 1201 sacro
544 1135 640 1200 fonto
666 1145 849 1218 susceptus
876 1143 952 1214 oot;
981 1152 1052 1216 quo
1075 1134 1181 1211 facto,
1207 1133 1303 1198 misit

352 1235 484 1319 Eopam
500 1237 739 1319 presbytorum
753 1235 797 1298 ad
815 1234 963 1299 Vectum
981 1233 1142 1310 insulam,
1155 1232 1216 1315 qui
1237 1252 1300 1315 po·

351 1336 469 1418 pulum
487 1336 583 1399 illum
601 1334 822 1418 praedicando
838 1333 883 1399 ad
896 1333 996 1397 iidem
1012 1338 1229 1397 converteret
1246 1351 1302 1396 ve·

352 1436 478 1500 nitatis.
525 1436 608 1499 Fuit
631 1455 673 1499 eo
695 1444 850 1517 tempore
870 1434 907 1497 in
925 1433 1105 1516 provincia
1121 1431 1301 1497 Northan-

351 1535 573 1600 humbrorum
597 1535 742 1599 clericus
759 1534 912 1617 quidam,
925 1527 938 1564 ²
945 1531 1128 1596 wilfridus
1151 1533 1301 1610 nominc,

351 1633 478 1699 Alfridi
501 1635 562 1698 filii
577 1634 685 1698 Oswii
709 1635 801 1716 regis
820 1641 962 1717 propter
975 1632 1167 1696 doctrinam
1183 1630 1302 1696 Chris-

351 1735 456 1798 tianae
482 1733 685 1798 eruditionis
707 1734 853 1797 multum
875 1734 1019 1809 amicus,
1040 1733 1100 1815 qui
1123 1731 1166 1795 de
1186 1730 1302 1795 Roma

351 1833 499 1911 rediens,
529 1834 621 1916 apud
656 1833 846 1910 Dullinum,
880 1832 1176 1915 archiepiscopum
1206 1831 1302 1914 Lug-

350 1933 447 2010 duni,
465 1932 610 1996 multum
625 1934 791 2017 temporis
805 1933 965 2016 implens»,
983 1932 1119 2015 abipso
1139 1950 1301 2014 suscepe-

351 2041 407 2097 rat
423 2041 575 2097 tonsurae
598 2033 840 2098 ecclesiasticae
862 2051 1036 2097 coronam.
1089 2030 1194 2095 Dedit
1216 2051 1300 2113 ergo

350 2134 383 2196 oi
398 2132 555 2198 Alfridus
570 2134 816 2198 monasterium
831 2133 1065 2215 quadraginta
1081 2130 1300 2209 familiarum,

350 2233 386 2296 in
410 2233 541 2316 Ripun,
564 2252 666 2316 quem
687 2233 849 2297 videlicet
872 2233 986 2297 locum
1009 2232 1114 2314 paulo
1137 2237 1219 2295 ante
1241 2231 1300 2294 de-

350 2333 450 2397 derat
471 2334 655 2416 episcopis‚
680 2335 740 2416 qui
771 2331 902 2415 pascha
928 2332 1071 2396 Domini
1089 2331 1196 2415 juxta
1218 2349 1299 2395 con-

350 2433 569 2497 suetudinem
609 2433 792 2497 Scotorum
834 2432 1080 2512 celebrabant3
1119 2429 1180 2494 sod
1216 2431 1301 2513 quia

350 2532 401 2595 illi
417 2531 647 2613 postmodum,
663 2532 747 2596 data
768 2532 834 2595 sibi
847 2533 999 2614 optione,
1013 2530 1091 2595 loco
1105 2531 1222 2613 potius
1244 2550 1301 2595 cc·

350 2630 431 2693 dere
449 2632 611 2695 volebant
624 2651 729 2714 quam
744 2651 843 2695 suum
858 2630 1141 2696 consuetudinem
1154 2639 1301 2708 mutare,

350 2729 445 2793 dedit
471 2730 521 2793 illi
547 2731 672 2808 locum,
694 2732 754 2815 qui
777 2731 967 2813 digniorem
993 2731 1099 2794 vitum
1122 2729 1244 2793 habuit
1265 2740 1300 2795 et

351 2829 551 2893 doctrinam.
604 2829 713 2894 Venit
735 2851 776 2894 eo
799 2838 952 2912 tempore
974 2829 1185 2911 Agelbertus
1213 2831 1301 2894 occi-

350 2928 539 2993 dentalium
563 2928 742 2995 Saxonum
766 2931 961 3012 episcopm,
978 2929 1079 3012 cujus
1102 2947 1208 3011 supra
1229 2949 1300 2994 me·

350 3029 523 3107 minimus,
540 3027 667 3094 Allridi
681 3031 812 3094 amicus
827 3029 871 3093 ad
894 3028 1106 3111 provinciam
1122 3028 1302 3093 Northan·

350 3128 586 3207 humbrorum,
615 3131 674 3211 qui
701 3129 745 3193 ad
775 3128 976 3212 petitionem
1005 3126 1133 3192 Alsridi
1162 3128 1301 3212 praesati

351 3229 394 3292 ad
422 3230 669 3293 monasterium
691 3229 767 3312 jam
791 3228 919 3292 dictum
936 3227 1136 3292 Wilfridum
1160 3230 1303 3313 presby-

351 3317 463 3392 terum
485 3329 670 3406 ordinavit,
689 3330 748 3392 ubi
770 3328 805 3390 in
830 3328 923 3392 bona
940 3328 1023 3391 vitoe
1040 3329 1302 3393 couversatione
1331 3342 1335 3349 '

351 3427 493 3510 degenS,
508 3448 550 3492 ea
567 3449 644 3511 quae
667 3428 844 3510 discipulis
866 3427 938 3490 suis
957 3427 1132 3509 sequenda
1147 3429 1301 3507 tradidit,

352 3527 425 3609 ipse
442 3547 658 3610 summopere
675 3528 863 3610 adimplere
879 3527 1026 3591 curavit.
1077 3520 1302 3609 ³Agelbcrtus

1212 3700 1234 3724 Ο

387 3767 394 3798 ¹
423 3769 619 3832 Artemidos]
654 3770 744 3818 Called
779 3771 813 3831 by
838 3785 893 3820 war
912 3771 1259 3834 ordainedbirhopoiPurin
1276 3776 1302 3824 in

352 3839 510 3899 Malmsbury
529 3839 724 3889 Ethelwallrius.
760 3839 813 3889 'l'be
838 3845 896 3890 664.
931 3841 1302 3903 Rudborneruyathathewao

351 3909 435 3956 Saron
448 3908 541 3959 Chron.
553 3914 631 3958 stateo
642 3909 697 3958 thot
707 3910 749 3958 the
761 3910 813 3959 lsle
838 3910 955 3972 expelled
962 3911 1002 3959 hia
1009 3911 1303 3974 binhopric;butWhar·

350 3977 380 4026 oi
396 3977 484 4039 Wight
501 3993 556 4027 wan
576 3980 650 4041 given
667 3984 693 4027 to
712 3980 762 4027 him
780 3981 813 4041 by
838 3985 890 4041 ton,
909 3980 964 4029 that
981 3981 1013 4030 he
1030 3982 1147 4044 resigned
1164 3983 1227 4031 itin
1244 3999 1303 4033 con·

351 4048 577 4098 wulfheriinthis
587 4064 657 4110 year.
838 4064 962 4110 sequence
980 4049 1009 4099 oi
1025 4066 1057 4099 an
1080 4058 1122 4101 oct
1138 4050 1167 4100 os
1183 4053 1302 4116 iujuatice

386 4115 548 4178 'Wilsrt'dur
565 4120 686 4182 nomine]
706 4119 755 4167 For
771 4119 813 4168 the
838 4119 903 4169 done
921 4120 972 4167 him
990 4121 1024 4182 by
1035 4121 1206 4183 Cynewealh3
1224 4124 1302 4187 Angl.

350 4187 812 4254 hirloryoiWillrid,seeRodum.
839 4190 909 4240 Sacr.
921 4191 939 4239 i.
952 4205 977 4250 p.
992 4195 1048 4241 191.
1083 4192 1130 4242 See
1148 4193 1203 4242 uloo
1224 4194 1301 4257 Pagi,

386 4257 397 4287 ³
418 4259 565 4322 Agelberlua
592 4260 741 4324 epiecopus]
771 4260 813 4309 lle
838 4258 1107 4326 adan.6ol,§5—⁷.
