3000 5004
395 446 440 511 72
653 454 787 504 nocnnr
813 456 860 504 nn
883 455 1090 504 wnunovsn

399 619 493 682 urbis
518 614 706 693 consulem,
725 616 783 699 qui
802 614 915 680 Gallis
942 616 978 678 in
1004 614 1172 678 auxilium
1193 620 1351 689 venerat,

398 736 506 800 prope
524 716 705 798 Lengrias,
718 716 754 779 in
771 715 862 779 valle
878 734 957 798 quse
972 714 1101 778 Seisias
1118 721 1353 796 nuncupatur,

399 835 476 880 cnm
494 816 587 878 omni
604 815 766 880 Romana
781 814 983 879 fortitudine
998 814 1184 878 interemit.

733 987 819 1052 Noto
833 985 1030 1050 miraculum.

453 1108 558 1174 Anno
580 1110 703 1191 gratiae
735 1127 929 1175 cxxxvur.
958 1111 994 1173 in
1017 1107 1211 1191 Campania
1237 1106 1353 1172 ltalia

403 1202 646 1274 ¹Benedictum
670 1210 845 1294 juniorem
876 1229 938 1273 rex
967 1208 1086 1273 Totila
1116 1227 1180 1291 pro
1212 1205 1353 1271 Christo

402 1328 625 1392 persequens,
649 1328 727 1372 cum
745 1328 822 1372 eum
847 1316 883 1372 et
907 1307 1029 1372 cellam
1055 1308 1131 1392 ejns
1152 1307 1353 1370 comburere

404 1409 520 1484 vellet,
543 1428 606 1472 nec
623 1408 803 1485 valuisset,
817 1408 853 1471 in
879 1407 1052 1471 clibanum
1074 1426 1151 1471 eum
1176 1405 1353 1469 ardentem

403 1508 575 1592 projecit3
619 1508 679 1589 qui
708 1507 789 1571 inde
830 1506 885 1570 dic
917 1505 1028 1571 altera
1055 1506 1198 1582 illaesus,
1233 1504 1354 1569 illoesis

405 1607 509 1670 etiam
527 1607 694 1684 vestibus,
709 1607 830 1671 exivit.

567 1778 608 1842 Ut
623 1778 785 1842 Artlurus
800 1779 860 1843 iter
874 1780 1049 1844 Routuuum
1061 1778 1201 1863 uuocpd.

243 1929 353 1969 noso.
458 1899 563 1964 Anno
593 1903 717 1984 gratiae
750 1919 918 1968 nxxxrx.
947 1905 1153 1966 obscuratus
1181 1908 1236 1966 est
1259 1900 1356 1965 sola

242 2025 368 2065 suumn.
406 2018 506 2063 mane
522 2021 631 2083 usque
651 2001 696 2065 ad
718 2001 839 2066 boram
854 2004 1001 2067 tertiam.
1055 2000 1184 2065 Eodem
1202 2009 1356 2084 tempore

242 2078 393 2168 lmine.
407 2119 469 2163 rex
500 2099 686 2180 Artburus,
713 2102 867 2166 subactis
902 2103 995 2164 circa
1024 2099 1133 2183 Alpes
1163 2101 1356 2183 quibusque

406 2201 605 2282 provinciis,
628 2203 765 2284 paravit
794 2200 861 2264 iter
888 2208 928 2263 ut
962 2200 1159 2264 Romanum
1189 2199 1355 2284 populum

406 2308 636 2382 expugnaret.
690 2300 955 2381 Magnificatnm
986 2307 1041 2363 est
1069 2306 1194 2363 bomen
1220 2299 1296 2383 ejus
1319 2299 1355 2362 in

408 2400 570 2464 universa
592 2407 685 2463 terra
710 2399 834 2480 valde;
869 2399 961 2463 unde
986 2398 1159 2482 principes
1180 2398 1223 2462 de
1241 2398 1356 2481 parti-

407 2499 472 2560 bus
488 2499 629 2562 remotis
645 2505 679 2561 et
697 2499 830 2562 nobiles
848 2499 891 2562 ad
908 2518 985 2562 eum
1001 2504 1181 2574 venerunt,
1195 2497 1260 2561 sub
1277 2498 1355 2581 ipso

408 2597 525 2660 viuere
550 2604 585 2659 et
600 2597 675 2679 ejus
690 2597 855 2661 interesse
874 2597 1009 2662 facetiis
1025 2596 1248 2662 delectantes.
1300 2597 1355 2661 De

408 2694 484 2778 ejus
507 2697 626 2777 utique
648 2697 904 2777 magnificentia
927 2705 963 2761 et
975 2697 1149 2780 probitate
1170 2694 1355 2779 propbeta-

409 2794 459 2857 vit
474 2792 643 2857 Merlinns
654 2804 752 2860 vates
764 2797 945 2861 Britonum
961 2796 1091 2874 dicens,
1106 2789 1134 2830 ²‘
1146 2795 1356 2859 Praevalebit

409 2892 548 2956 tandem
563 2914 731 2976 oppressa
740 2895 934 2973 Britannia,
946 2903 982 2960 et
996 2897 1140 2960 saevitiae
1157 2901 1355 2959 exterorum

409 2992 559 3070 resistet,
594 2993 689 3075 Aper
715 2994 804 3057 enim
832 2995 1016 3060 Cornubiae
1044 3014 1244 3059 succursum
1267 3013 1356 3076 pree-

407 3091 515 3155 stabit
548 3100 584 3155 et
606 3092 697 3156 colla
723 3093 873 3157 bostium
902 3097 966 3159 sub
991 3095 1137 3178 pedibus
1170 3094 1242 3156 suis
1274 3112 1354 3157 con·

409 3191 572 3268 culcabit,
607 3192 730 3256 insulse
762 3195 884 3256 oceani
920 3196 1087 3276 potestati
1127 3194 1237 3277 ipsius
1273 3194 1355 3255 sub·

408 3289 545 3368 dentur,
573 3300 609 3355 et
631 3290 832 3356 Gallicanos
862 3292 974 3356 saltus
996 3294 1199 3376 possidebit,
1228 3299 1353 3356 treme·

407 3389 458 3452 bit
482 3389 653 3454 Romulea
683 3391 804 3456 domus
828 3392 998 3456 saevitiam
1028 3395 1151 3475 ipsius,
1178 3399 1214 3455 et
1240 3393 1355 3455 exitus

406 3487 483 3570 ejus
500 3489 624 3554 dubius
648 3491 727 3569 erit,
749 3492 785 3555 in
806 3511 865 3555 ore
892 3492 1097 3574 populorum
1114 3491 1355 3569 celebrabitur,

406 3593 441 3649 et
457 3597 556 3651 actus
570 3590 646 3673 ejus
663 3590 760 3653 cibus
775 3592 839 3655 erit
855 3591 1099 3655 numantinus!

441 3816 449 3848 ¹
463 3819 621 3900 benedictum
630 3858 637 3873 .
645 3858 664 3872 ..
675 3819 779 3892 rotila]
792 3825 868 3888 Upon
878 3822 881 3841 ¹
893 3828 961 3877 recle
972 3827 1031 3877 bere
1043 3828 1163 3877 recorded
1175 3828 1198 3877 is
1209 3827 1272 3877 lrom
1283 3827 1357 3891 Sige-

405 3886 447 3937 tbe
467 3891 597 3939 rnterview
617 3893 646 3941 ol
660 3893 744 3942 'rotila
761 3895 823 3943 with
840 3897 867 3946 S.
893 3899 958 3960 bert,
969 3896 1063 3948 Chron.
1075 3913 1101 3960 p.
1115 3902 1172 3948 735.

406 3958 487 4008 Benet
506 3960 531 4007 in
552 3965 610 4021 ⁶41,
633 3962 675 4011 the
702 3963 790 4013 render
810 3980 867 4027 may

405 4031 505 4080 consult
523 4030 656 4094 blnbillon,
669 4034 762 4083 Annul.
778 4040 836 4084 tom.
849 4037 867 4084 i.
928 4033 938 4061 ²
965 4036 1114 4085 Proevulebit
1147 4036 1274 4100 tundam]
1308 4037 1357 4087 See

406 4117 431 4162 p.
452 4105 492 4152 ut.
526 4100 579 4149 'l'be
596 4100 703 4152 account
720 4103 749 4153 ol
761 4104 803 4153 the
821 4105 866 4152 mi·
893 4107 982 4167 abore,
994 4122 1019 4167 p.
1031 4111 1072 4167 22,
1083 4107 1100 4156 l.
1114 4109 1160 4156 nlt.
