3000 5004
464 385 603 433 monus
627 386 898 436 nrsronmnurr.
1090 370 1157 434 265

201 547 263 610 illa
289 546 407 622 xenia,
435 566 513 628 quae
534 547 725 629 'optimates
758 552 995 628 susceperant,
1024 545 1155 609 inaesti·

203 646 341 709 mahilis
362 646 463 728 pretii
480 653 516 709 et
534 646 679 722 numeri,
696 647 733 708 in
756 646 972 722 utensilibus,
989 645 1155 722 vestibus,

203 745 301 827 equis
317 745 546 822 electissimis,
563 746 735 819 omnibus,
751 746 810 827 qui
833 765 936 827 agros
957 764 1027 808 non
1049 745 1155 808 hahe-

204 846 301 921 bant,
327 845 450 908 libram
480 845 628 926 argenti,
655 845 866 927 presbyteris
895 863 1046 907 marcam
1068 843 1156 920 auri,

204 944 383 1008 monachis
398 943 545 1007 solidum
561 963 680 1021 unum,
698 951 734 1007 et
752 952 925 1026 postremo
947 944 1058 1008 multa
1078 944 1156 1007 uni·

206 1064 307 1109 verso
342 1042 472 1126 populo
508 1045 694 1124 erogavit3
735 1044 982 1107 monasterium
1017 1061 1157 1126 quoque
1238 1122 1239 1126 Ἰ

205 1151 277 1209 tam
295 1143 430 1224 magnis
450 1143 631 1226 ampliavit
650 1141 851 1220 redditibus,
867 1141 958 1225 quod
980 1141 1047 1206 hoc
1069 1149 1156 1205 tem·

206 1263 291 1325 pore
306 1242 507 1306 incredibile
523 1242 692 1307 videatur.
746 1240 878 1305 Eodem
895 1260 987 1304 anno
1004 1241 1157 1305 Eanbal·
1170 1262 1250 1302 smne

206 1343 284 1418 dus,
308 1341 537 1406 Eboracensis
558 1339 850 1424 archiepiscopus,
868 1323 976 1422 ¹apud
992 1339 1158 1405 Finchale
1169 1313 1285 1403 ffi‘e'iffrff

207 1440 376 1525 synodum
408 1442 644 1522 congregavit.
692 1438 761 1503 Per
792 1440 883 1505 idem
912 1449 1061 1522 tempus,
1095 1459 1158 1503 rex

209 1540 592 1606 Northunhumbrorum
608 1539 808 1616 Eardulfus,
823 1541 860 1602 in
875 1540 964 1616 loco,
979 1539 1038 1621 qui
1057 1533 1083 1574 ²‘
1097 1540 1158 1602 Bi·

207 1638 368 1722 lingeho'
382 1639 519 1716 dicitur,
540 1640 697 1721 praelium
719 1639 891 1703 commisit
909 1646 1030 1702 contra
1046 1638 1159 1703 Wade

207 1740 329 1803 ducem
346 1746 383 1802 et
397 1739 484 1803 alios
501 1740 757 1820 conspiratores
773 1737 942 1819 quosdam
964 1757 1071 1819 suos;
1098 1738 1159 1802 sed

209 1840 347 1904 demum
369 1838 488 1901 multis
511 1837 590 1901 hino
606 1839 686 1901 inde
702 1838 905 1915 intersectis,
920 1856 982 1900 rex
997 1837 1161 1920 regaliter

209 1938 391 2003 victoriam
414 1937 564 2001 obtinuit
580 1956 625 2002 ex
644 1937 801 2002 hostibus
819 1936 1038 2020 supradictis.
1091 1936 1159 2001 Hi·

209 2057 309 2102 renes
325 2036 402 2103 sola
415 2037 713 2119 imperavitannis
729 2036 849 2100 tribus.

389 2263 439 2328 De
452 2272 558 2328 rabdo
565 2283 658 2349 papo
673 2262 772 2327 Leone
788 2271 817 2326 et
830 2271 978 2361 martyre.

261 2408 368 2474 Anno
385 2408 529 2474 Domini
550 2427 728 2477 ncoxorx.
747 2409 899 2475 Romani
920 2412 1012 2475 inter
1033 2430 1071 2474 se
1093 2411 1283 2474 dis-snos.

136 2504 142 2513 ’
212 2517 371 2573 secantes
401 2502 570 2574 'Leonem
609 2530 758 2593 papam,
785 2511 897 2575 virum
934 2519 1094 2576 sanctum
1127 2481 1287 2576 aliid&

211 2607 305 2673 omni
335 2607 438 2672 leude
466 2609 719 2690 dignissimum,
746 2610 1045 2692 apprehendentes
1075 2611 1163 2692 liga·

211 2714 350 2785 verunt,
363 2709 518 2790 linguam
543 2717 825 2790 amputaverunt,
839 2710 964 2784 ¹oculos
987 2719 1164 2788 eruerunt,

211 2815 318 2891 atque
337 2807 474 2871 demum
492 2827 513 2870 a
531 2807 612 2872 sede
636 2808 797 2873 Romana
823 2810 1044 2893 expulerunt,
1067 2829 1165 2874 eum-

211 2926 279 2990 que
302 2907 506 2972 semivivum
528 2907 762 2992 relinquentes
788 2908 1049 2974 interdictorum
1069 2909 1163 2972 hlas-

211 3006 368 3090 phemius
392 3014 494 3088 turpe
520 3006 654 3071 facinus
676 3009 943 3089 commiserunt;
976 3008 1038 3071 sed
1061 3009 1164 3071 mise-

211 3114 307 3171 rator
324 3113 360 3170 et
380 3105 574 3170 misericors
594 3106 778 3184 Dominus,
796 3107 854 3189 qui
876 3114 1056 3191 sperantes
1072 3108 1108 3169 in
1126 3126 1164 3171 se

211 3225 282 3269 non
303 3204 477 3289 relinquit,
500 3204 654 3287 linguam
677 3207 708 3270 ei
728 3214 764 3270 et
781 3207 901 3270 oculos
923 3207 1165 3269 miserabiliter

212 3305 409 3382 restituens,
429 3304 473 3368 ad
494 3306 676 3387 pristinam
693 3307 898 3387 dignitatem
919 3306 1042 3369 melius
1059 3324 1164 3387 quarn

211 3405 307 3486 prius
336 3404 466 3468 fecerat
491 3404 665 3470 videntem
697 3425 738 3469 ac
764 3406 906 3470 verbum
932 3405 1012 3469 fidei
1039 3404 1164 3488 praedi·

210 3511 346 3567 contem
361 3505 551 3595 revocavit.

245 3799 254 3832 ¹
265 3800 341 3864 Apud
347 3801 607 3865 fructuosumve]
615 3802 677 3851 call·
702 3803 745 3864 ho,
755 3818 817 3852 near
829 3803 946 3865 Whaley,
954 3804 979 3852 in
991 3803 1164 3867 nmmum

209 3873 242 3923 ed
258 3872 291 3932 by
307 3871 408 3920 Simeon
420 3871 462 3920 the
474 3873 555 3933 synod
571 3872 601 3920 oi
615 3872 676 3920 Pin·
701 3873 823 3934 Camden,
835 3875 861 3922 ii.
874 3889 900 3935 p.
913 3879 969 3924 148.

209 3941 346 4003 canhelth3
362 3941 545 4002 seeSpelmun,
555 3957 582 4003 p.
595 3945 652 3990 tir.
734 3940 870 3992 'Leonem
886 3944 1006 4007 popum]
1040 3945 1164 4004 Compare

246 4008 442 4074 'Bilingebo.]
479 4011 675 4073 ‘Billingahoth
701 4011 794 4062 Baron.
817 4014 866 4062 and
891 4014 966 4077 Pagi,
988 4013 1021 4063 ad
1047 4029 1089 4063 an.
1106 4016 1165 4075 799,

205 4084 284 4146 juxta
294 4081 426 4143 Walalege
435 4075 450 4142 3⁹
461 4081 571 4131 Simeon.
589 4082 675 4144 Lang-
700 4078 726 4146 ἕξ
738 4083 756 4131 i.
768 4084 812 4134 vii.
