3000 5004
462 408 601 457 vuoans
625 400 902 459 nrsronmnum
1087 390 1154 456 193

200 565 324 646 quavit
350 565 497 649 dispersi
524 575 606 631 sunt
631 588 750 633 omnes
775 569 917 651 spiritns
940 567 1068 644 infesti,
1091 566 1151 648 qui
1165 575 1274 673 vinciorl

201 684 255 728 me
272 664 462 748 forcipibus
484 686 605 749 rapere
628 667 892 735 contendebant.
946 665 1013 732 Ille
1034 673 1151 731 antem
1166 634 1305 674 mmm

201 765 261 846 qui
281 763 469 829 adveniens
490 765 569 830 illos
586 766 733 849 fugavit,
747 769 822 850 ipse
843 775 919 832 erat
933 768 992 850 qni
1014 786 1069 830 me
1090 785 1153 830 an-

203 873 261 928 tea
283 862 497 944 deducebat;
532 865 592 948 qui
614 886 697 930 mox
718 868 786 931 iter
805 866 849 930 ad
872 866 1053 930 dexteram
1075 886 1154 930 ver·

201 982 274 1039 sus,
297 964 398 1045 qnasi
422 971 544 1029 contra
568 973 683 1029 ortum
705 966 788 1030 solis
812 966 1002 1029 brumalem
1030 965 1155 1028 ducere

204 1082 259 1129 me
281 1062 424 1144 incepit,
442 1070 477 1127 et
502 1065 577 1127 sine
601 1083 699 1129 mora
720 1065 871 1129 tenebris
893 1071 1092 1147 exemptum
1116 1065 1153 1126 in

205 1181 310 1225 auras
343 1181 474 1226 serenae
509 1163 596 1226 lncis
626 1164 788 1242 induxit3
830 1183 976 1247 cumque
1012 1183 1067 1227 me
1107 1162 1154 1224 ibi

205 1261 359 1339 duceret,
391 1262 462 1325 vidi
501 1270 582 1326 ante
620 1283 683 1328 nos
720 1283 855 1326 murum
892 1263 1154 1345 permaximum,

206 1360 306 1444 cujus
340 1360 534 1425 altitudinis
564 1363 638 1426 sive
672 1362 899 1444 longitudinis
933 1362 1049 1424 nullus
1079 1379 1156 1423 esse

206 1460 373 1523 terminus
400 1461 607 1540 videbatur;
642 1463 733 1544 coepi
756 1470 873 1526 autem
895 1461 1024 1537 mirari,
1049 1477 1157 1542 quare

205 1560 446 1624 accederemus
468 1560 682 1638 ad‘murum,
697 1580 775 1625 cum
792 1562 828 1624 in
850 1581 891 1624 eo
913 1561 1028 1624 nullus
1047 1578 1159 1641 appa-

206 1666 298 1724 reret
328 1660 527 1726 adscensus.
580 1659 668 1724 Cum
696 1680 779 1742 ergo
807 1660 1082 1743 pervenissemus
1113 1657 1159 1720 ad

209 1778 356 1836 murum,
371 1760 502 1836 statim,
515 1780 584 1842 qno
594 1760 714 1825 ordine
727 1761 856 1837 nescio,
869 1759 998 1823 fuimu's
1014 1759 1051 1822 in
1065 1776 1159 1821 sum-

208 1858 329 1923 mitate
346 1857 434 1941 ejus,
451 1867 487 1924 et
502 1867 578 1923 erat
594 1860 642 1925 ibi
664 1879 807 1942 campus
828 1859 1017 1923 latissimus
1042 1876 1083 1921 ac
1101 1857 1160 1920 lae-

205 1957 360 2022 tissimus
386 1966 555 2041 tantaque
580 1958 774 2041 fragrantia
790 1959 1009 2023 vernantium
1035 1957 1160 2020 floscu-

207 2057 318 2121 lorum
340 2056 476 2140 plenns,
492 2067 531 2122 ut
548 2079 684 2123 omnem
703 2078 786 2122 mox
802 2058 961 2121 foetorem
987 2055 1161 2120 tenebrosi

208 2156 370 2234 fornacis,
386 2158 446 2239 qui
469 2177 524 2221 me
543 2165 756 2240 pervaserat,
773 2157 941 2239 effugaret
960 2156 1076 2220 odoris
1098 2154 1162 2217 hu-

205 2255 266 2339 jus
280 2257 437 2321 suavitas
451 2256 663 2323 admiranda.
692 2257 810 2321 Tanta
825 2268 942 2320 autem
960 2255 1022 2318 lux
1036 2261 1162 2318 cuncta

209 2355 271 2420 illa
294 2357 567 2439 perlustraverat
591 2357 680 2433 loca,
703 2366 743 2421 ut
768 2357 861 2421 omni
889 2355 1070 2437 splendore
1094 2353 1162 2416 diei

211 2456 285 2520 sive
310 2456 395 2519 solis
420 2455 599 2520 meridiani
624 2457 730 2520 radiis
755 2456 955 2538 praeclarior
975 2454 1162 2529 videretur,

212 2562 312 2619 erant
329 2574 480 2638 namque
499 2557 536 2619 in
555 2555 621 2619 hoc
646 2575 769 2637 campo
786 2556 966 2618 innumera
985 2553 1163 2618 hominum

212 2656 406 2719 albatorum
421 2655 673 2732 conventicula,
684 2654 851 2737 sedesque
866 2655 1024 2737 plurimae
1038 2654 1165 2717 laetan-

214 2755 300 2820 tium
325 2754 541 2834 animarum3
572 2774 720 2837 cumque
745 2756 837 2818 inter
859 2754 933 2818 haec
957 2772 1020 2835 per
1041 2752 1165 2816 choros

213 2853 363 2921 felicium
386 2853 576 2918 incolarum
598 2854 729 2918 medios
752 2874 806 2918 me
833 2854 986 2929 duceret,
1012 2851 1166 2930 cogitavi

215 2954 307 3037 quod
332 2961 425 3018 esset
446 2974 591 3036 regnum
611 2955 786 3030 caelorum,
803 2952 863 3017 sed
885 2953 944 3017 ille
962 2950 1166 3032 cogitationi

215 3070 302 3117 meae
327 3052 551 3135 respondens,
583 3053 691 3118 ‘Non
717 3052 803 3130 hoc,’
827 3052 888 3127 ait,
913 3045 939 3085 ¹⁴
958 3047 1168 3131 suspiceris!

216 3151 374 3234 Cumque
390 3152 614 3235 procedentes
631 3153 876 3217 transissemus
892 3151 954 3213 has
972 3149 1169 3212 mansiones

217 3252 401 3334 spirituum
430 3253 598 3317 bonorum
623 3253 679 3317 vel
710 3254 902 3326 beatorum,
930 3248 1061 3330 aspicio
1087 3253 1169 3311 ante

216 3370 280 3416 nos
294 3351 405 3415 multo
421 3352 588 3436 majorem
611 3351 750 3415 luminis
772 3351 918 3432 gloriam
933 3368 1037 3430 quam
1061 3347 1169 3429 prius,

217 3451 346 3533 inqua
369 3451 472 3514 etiam
495 3471 600 3516 voces
626 3450 841 3516 cantantium
866 3448 1084 3511 dulcissimas
1109 3464 1173 3509 au-

219 3549 302 3627 divi,
320 3549 381 3614 sed
403 3558 439 3615 et
454 3550 648 3633 fragrantia
664 3551 742 3614 miri
766 3548 882 3614 odoris
904 3553 1005 3611 tanta
1019 3544 1172 3609 effunde·

219 3649 323 3714 batur
337 3648 381 3713 de
398 3648 487 3727 loco,
502 3659 541 3715 ut
556 3652 599 3728 is,
619 3670 722 3734 quem
744 3656 848 3713 antea
864 3647 1055 3730 degustans
1071 3645 1173 3727 quasi

219 3749 407 3813 maximnm
425 3751 538 3828 rebar,
548 3751 623 3835 jam
641 3751 725 3814 mibi
739 3749 825 3813 odor
844 3746 1060 3830 permodicus
1076 3743 1173 3810 vide·

220 3856 335 3927 retur3
365 3850 416 3914 sic
441 3869 581 3933 quoque
607 3850 670 3913 lux
694 3849 755 3913 illa
784 3847 897 3929 campi
921 3846 1076 3911 florentis
1098 3844 1174 3908 exi·

221 3947 302 4026 mia,
328 3949 365 4012 in
389 3950 648 4033 comparatione
670 3949 759 4033 ejus,
782 3966 860 4031 quae
883 3965 975 4010 nunc
1000 3942 1175 4028 apparuit,

221 4065 1172 4097 1-------------—--------

221 4132 437 4270 &wa
472 4137 542 4187 ‘non
560 4136 608 4187 boc
622 4141 661 4186 ert
677 4150 782 4199 regnum
800 4134 931 4195 caelorum,
948 4131 1016 4192 quod
1041 4126 1182 4182 nummu:

296 4239 305 4266 ,
389 4241 396 4258 .

273 4295 353 4346 VOL.
372 4295 398 4346 1.
568 4338 572 4348 ,
1006 4293 1027 4336 0
