3000 5004
340 482 406 545 452
595 492 729 541 nocam
756 491 803 536 ns
827 488 1035 536 wanoosua

341 655 461 735 gliem,
491 660 531 714 ut
559 659 620 713 ant
646 648 749 712 morti
778 648 1018 710 succumberet
1045 652 1108 709 aut
1132 643 1303 728 Angliam

343 753 559 836 subjugaret.
622 748 749 829 Itaque
777 746 821 809 ad
849 745 1024 809 Sandwici
1054 754 1198 828 portum
1225 764 1304 809 cum

342 853 455 916 alasse
477 849 594 914 valida
618 846 799 929 appulsus,
820 851 857 907 et
879 846 959 909 inde
981 846 1018 908 in
1037 844 1305 910 west-saxoni·

345 971 400 1015 am
419 949 605 1032 proiectus,
623 945 778 1009 foedabat
794 945 910 1008 omnia
925 944 1078 1008 caedibns
1092 962 1135 1006 ac
1150 945 1302 1026 rapinis;

345 1057 381 1115 et
409 1049 571 1131 qnoniam
595 1044 802 1110 Ethelredns
823 1064 886 1107 rex
909 1044 1003 1126 apud
1030 1037 1196 1107 ¹Cosbam
1221 1053 1303 1107 tunc

346 1149 553 1229 agrotabat,
571 1143 796 1208 Eadmuudns
814 1142 1088 1207 Latus-ferreum
1109 1142 1204 1205 filins
1227 1144 1303 1227 ejus

347 1248 398 1312 illi
422 1265 602 1311 occurrere
630 1244 802 1320 tentavit,
825 1242 885 1304 sed
912 1262 991 1305 cnm
1015 1243 1107 1306 acies
1129 1241 1305 1307 hostiliter

348 1348 532 1411 convenire
560 1345 773 1416 debuissent,
799 1341 872 1404 dux
894 1348 930 1404 et
952 1342 1108 1424 proditor
1133 1341 1304 1404 Eadricus

351 1445 555 1510 Eadmundo
584 1444 731 1525 parabat
761 1440 918 1517 insidias,
943 1441 1068 1522 quibus
1097 1440 1197 1503 illum
1223 1441 1304 1505 dolo

350 1553 510 1623 necaret3
533 1563 603 1626 quo
620 1543 753 1623 agnito,
770 1539 995 1603 Eadmundus
1018 1560 1128 1622 parvo
1150 1541 1304 1622 stipatus

349 1645 487 1724 agmine
508 1642 551 1705 de
576 1641 697 1724 praelio
720 1658 797 1702 sese
816 1640 991 1702 subtraxit
1012 1647 1048 1702 et
1071 1639 1232 1703 hostibus
1255 1640 1306 1704 lo·

349 1762 427 1807 cnm
448 1741 492 1802 ad
507 1749 644 1822 tempus
666 1739 849 1802 concessit.
904 1737 979 1801 Nec
996 1738 1107 1802 multo
1130 1745 1214 1820 post
1231 1738 1305 1802 dux

349 1847 385 1905 et
407 1839 564 1922 proditor
591 1838 760 1901 Eadrieus
785 1837 829 1900 ad
851 1836 1045 1901 cnutonem
1067 1838 1211 1901 veniens
1241 1857 1305 1902 suo

349 1958 388 2003 se
417 1938 568 2002 dominio
600 1936 824 2018 mancipavit,
858 1937 959 2020 cujus
992 1937 1154 2019 exemplo
1190 1938 1305 2000 omnis

350 2037 617 2102 west-saxonia
639 2036 729 2099 idem
755 2035 898 2113 faciens,
919 2036 1011 2099 datis
1034 2036 1225 2113 obsidibus,
1246 2056 1305 2100 ex·

350 2137 474 2203 ercitui
492 2139 672 2201 Danornm
690 2154 798 2216 equos
821 2142 856 2199 et
879 2154 976 2198 arma
998 2135 1157 2218 paravit3
1182 2135 1306 2200 Marcii

351 2256 489 2320 quoque
511 2255 588 2300 sese
612 2235 656 2298 ad
679 2233 906 2325 resistendum
935 2234 1136 2312 offerebant,
1159 2235 1221 2298 sed
1244 2255 1307 2318 per

351 2337 444 2417 regis
470 2335 646 2416 ignaviam
678 2332 857 2413 negotium
879 2333 961 2397 belli
983 2333 1185 2398 dilationem
1208 2354 1308 2398 aece-

351 2436 415 2517 pit.
478 2434 608 2498 Eodem
632 2451 736 2509 anuo,
758 2431 921 2495 defuncto
948 2430 1182 2510 Athelwoldo,
1205 2433 1307 2498 Win-

352 2533 500 2596 toniensi
516 2534 690 2614 episcopo,
703 2525 851 2596 ²Alisius
868 2531 1046 2596 successit.

439 2705 527 2784 Quod
546 2728 600 2770 rea
621 2706 719 2770 Caulo
739 2716 767 2770 et
789 2708 854 2770 dua
872 2707 1032 2770 Eadrieas
1051 2705 1206 2792 Asyliom

688 2806 861 2891 depredati
875 2816 956 2870 sont.

190 2948 313 2988 aban.
401 2929 506 2995 Anno
532 2931 675 2994 Domini
699 2947 808 2994 axvi.
834 2923 915 2993 ³rex
936 2930 1115 2994 Danomm
1134 2930 1251 2994 Cnuto
1272 2939 1307 2993 et

190 2998 314 3138 {ffim
351 3031 491 3114 iniquus
518 3031 590 3093 dux
618 3029 801 3105 Eadrious,
828 3029 981 3094 instante
1012 3029 1199 3112 epiphania
1231 3031 1306 3093 Do·

354 3131 449 3207 mini,
467 3149 544 3193 cum
567 3129 677 3192 multo
700 3130 856 3210 equitatu
876 3129 1042 3192 Merciam
1065 3128 1239 3192 hostiliter
1255 3130 1308 3191 in·

354 3237 548 3303 traverunt,
568 3236 602 3292 et
625 3228 752 3291 multas
775 3230 811 3291 iu
835 3249 877 3291 ea
899 3229 1001 3292 villas
1026 3227 1250 3291 incendentes
1272 3237 1308 3292 et

355 3329 469 3410 spolia
494 3328 680 3409 rapientes,
704 3347 939 3410 quoscumque
964 3329 1171 3391 invenerunt
1198 3327 1308 3391 homi-

358 3447 418 3491 nes
436 3435 664 3509 peremerunt.
718 3427 763 3490 Et
781 3427 896 3491 Cnuto
910 3427 989 3490 inde
1011 3427 1055 3489 ad
1078 3428 1198 3489 urbem
1216 3427 1309 3490 Lon·

355 3525 536 3591 doniarum
559 3521 729 3589 transiens
746 3545 822 3589 eam
845 3525 1021 3589 obsidione
1040 3526 1198 3602 vallavit,
1216 3526 1308 3608 quod

356 3626 499 3689 audiens
527 3624 620 3688 Clito
647 3625 871 3687 Eadmnndus
902 3625 983 3689 illuc
1012 3626 1213 3704 contendit3
1247 3626 1308 3690 sed

355 3744 432 3788 cum
452 3724 567 3787 Cnuto
590 3725 708 3787 urbem
729 3724 829 3806 quasi
850 3725 1156 3807 inexpugnabilem
1179 3744 1309 3806 cogno·

391 3986 399 4019 ¹
414 3989 538 4052 Gothum]
556 3990 688 4053 combam,
707 3992 732 4039 in
745 3992 820 4039 Wilt-
881 3989 953 4040 'Rex
961 3991 1086 4041 &noram
1095 3993 1310 4057 Cantoeta'aiqm

355 4060 431 4109 shire.
844 4063 896 4109 dax
908 4062 1048 4126 liudricus]
1064 4063 1118 4111 The
1126 4069 1214 4111 events
1222 4063 1251 4111 oi
1258 4065 1310 4113 tbis

390 4127 527 4192 'Ah'sias‚]
540 4130 621 4177 called
638 4131 693 4178 also
705 4131 819 4192 Elsinus,
844 4146 905 4191 year
921 4136 946 4179 to
968 4131 1010 4180 tbe
1029 4132 1105 4180 death
1124 4133 1154 4180 oi
1171 4133 1308 4183 Aelhelred

278 4237 281 4243 .
355 4199 405 4246 and
419 4200 556 4259 Eedsinns,
568 4198 818 4260 andAelisigus3he
843 4216 885 4250 are
902 4200 1025 4262 abridged
1037 4201 1098 4249 from
1114 4202 1157 4250 the
1175 4201 1252 4253 fuller
1267 4218 1311 4252 ac·

355 4267 414 4317 died
427 4269 451 4316 iu
466 4273 546 4327 1⁰8ae
563 4269 624 4318 Sax.
636 4267 729 4319 Chrou.
843 4276 919 4319 count
929 4271 962 4330 by
976 4271 1103 4320 Florence.
