3000 5004
351 444 417 507 2⁵4
609 459 743 506 aoonru
768 459 814 505 nn
838 436 1044 506 wnrrnovna

352 614 456 678 simul
474 623 509 679 et
523 616 696 697 lapidibus
720 615 879 698 pretiosis
896 612 1098 689 fabrefacto,
1117 614 1176 694 pia
1192 613 1307 694 patris

354 715 502 796 pignora
522 722 758 795 reponuntur3
782 733 852 796 quo
873 715 908 777 in
930 713 1008 776 loco
1029 710 1189 794 usquein
1205 711 1308 775 hodi·

354 832 473 876 ernum
490 813 579 877 diem
596 812 715 877 divina
735 833 804 876 non
826 812 990 875 desinunt
1012 810 1177 874 celebrari
1199 811 1307 874 mira·

354 912 445 988 cula,
457 912 529 988 sed,
544 911 661 975 multis
676 910 907 986 cernentibus,
925 910 1039 973 surdis
1053 910 1100 973 ibi
1116 909 1308 973 restituun-

355 1018 413 1074 tur
427 1010 578 1087 auditus,
593 1010 725 1073 claudis
741 1029 893 1092 gressus,
907 1010 1009 1072 caecis
1019 1009 1128 1085 visus,
1144 1016 1180 1072 et
1195 1008 1308 1072 omni·

353 1111 419 1172 bus
441 1128 519 1173 cum
541 1108 669 1172 fiducia
690 1110 782 1173 beati
805 1109 967 1191 martyris
991 1108 1159 1171 auxilium
1180 1106 1308 1189 implo-

354 1208 524 1285 rantibus,
547 1226 570 1271 a
596 1208 673 1272 Deo
704 1207 829 1271 mentis
861 1216 897 1271 et
927 1207 1081 1288 corporis
1109 1207 1307 1288 impertitur

353 1306 549 1369 desiderata
571 1305 675 1369 salus.
730 1305 823 1370 Acta
848 1314 963 1369 autem
985 1312 1069 1368 sunt
1093 1304 1167 1368 haec
1183 1322 1205 1367 a
1222 1324 1306 1386 pas·

353 1406 451 1468 sione
472 1404 548 1487 ejus
570 1424 662 1468 anno
684 1399 978 1488 ¹quingentesimo
999 1404 1157 1485 septimo,
1181 1404 1226 1466 ab
1244 1404 1307 1467 ad·

353 1511 460 1567 ventu
504 1493 697 1585 Anglomm
735 1504 771 1567 in
809 1502 1026 1567 Britanniam
1063 1503 1308 1567 trecentesimo

353 1601 619 1683 quadragesimo
641 1610 779 1686 quarto,
796 1600 983 1667 indictione
1004 1602 1127 1684 prima,
1145 1599 1306 1665 kalendis

356 1697 519 1781 Augusti.

360 1859 403 1924 Ut
417 1882 471 1924 res
488 1862 559 1944 Offo
573 1864 704 1927 Romam
712 1885 842 1948 perpere
850 1873 983 1948 proten
991 1864 1165 1949 peroptima
1178 1866 1296 1928 entem.

406 1983 475 2047 His
499 1985 550 2048 ita
578 1985 686 2066 gestis
712 1992 884 2049 convocat
910 2004 973 2066 rex
998 1984 1123 2047 ibidem
1145 1976 1306 2067 'provin-

352 2082 440 2146 ciale
461 2083 657 2159 concilium,
678 2091 714 2147 et
742 2102 819 2147 cum
847 2082 1105 2165 archiepiscopo
1128 2082 1306 2147 Humber-

353 2188 402 2259 to,
434 2183 575 2264 suisque
605 2182 833 2263 suffraganeis
867 2188 902 2246 et
930 2181 1134 2263 primatibus
1168 2182 1307 2247 univer·

353 2281 414 2355 siS,
446 2288 576 2344 tractat
612 2280 656 2343 de
684 2289 856 2345 conventu
895 2279 1141 2343 monachorum
1167 2281 1203 2342 in
1225 2280 1304 2346 loco

353 2378 414 2442 illo
446 2379 700 2467 congregando
717 2387 822 2462 atque
852 2378 1010 2443 coenobio
1039 2378 1304 2460 privilegiando‚

356 2477 414 2539 ubi
432 2479 697 2560 protomartyris
719 2479 817 2559 regni
839 2478 893 2540 sni
919 2477 1082 2558 reliquias
1103 2477 1250 2555 invenit,
1269 2488 1306 2544 et

356 2594 457 2656 quem
483 2575 594 2638 locum
618 2596 682 2639 suo
710 2576 880 2657 sanguine
902 2576 1128 2639 consecravit.
1181 2574 1306 2641 Placet

356 2673 514 2736 omnibus
550 2675 641 2755 regis
674 2675 901 2757 propositum,
930 2674 1031 2756 eique
1061 2675 1304 2756 episcoporum

356 2770 478 2835 laudat
503 2773 696 2852 consilium,
723 2783 763 2838 ut
785 2773 991 2837 auctoritate
1015 2772 1165 2836 Romani
1187 2775 1305 2855 ponti-

355 2869 430 2932 ficis
447 2872 682 2949 canonizatur,
697 2871 799 2935 simul
821 2879 856 2935 et
871 2871 1110 2953 privilegietur
1129 2881 1305 2936 monaste-

356 2968 444 3032 rium
461 2970 498 3033 in
513 2968 675 3035 honorem
691 2971 854 3051 martyris
867 2970 1002 3033 noviter
1016 2970 1282 3033 construendum
1295 2992 1304 3050 ;

355 3075 392 3131 et
414 3067 488 3131 haec
510 3070 626 3132 omnia
651 3076 690 3132 ut
710 3069 900 3149 digniorem
920 3068 1111 3132 sortiantur
1134 3069 1305 3147 effectum,

355 3168 559 3244 consulitur,
577 3177 616 3232 ut
638 3188 701 3250 per
722 3168 858 3248 legatos
875 3186 897 3230 a
912 3167 1020 3230 latere
1043 3166 1134 3247 regis
1151 3166 1305 3231 destina·

356 3271 423 3341 tos,
446 3273 508 3328 aut
532 3266 731 3348 inproprie
754 3285 914 3348 persona,
937 3284 1000 3327 rex
1025 3264 1099 3347 ipse
1125 3283 1230 3347 super
1253 3266 1306 3330 his

355 3381 433 3426 cum
459 3364 556 3427 curia
581 3372 707 3429 tractet
730 3363 900 3427 Romana.
953 3362 1034 3426 Rex
1056 3382 1138 3426 vero
1164 3382 1307 3428 suorum

355 3461 580 3543 adquiescens
601 3463 745 3527 consilio
770 3463 977 3527 laboriosum
1004 3460 1150 3542 arripuit
1173 3462 1252 3540 iter,
1268 3472 1307 3526 ut

356 3560 447 3623 sicut
469 3561 591 3625 beatus
616 3560 775 3625 Albanus
806 3567 1040 3642 protomartyr
1072 3558 1207 3623 refulsit
1234 3560 1307 3625 An·

356 3656 504 3737 giorum,
519 3660 569 3722 ita
592 3661 839 3723 monasterium
857 3660 933 3743 ejus
949 3659 1107 3721 omnibus
1122 3659 1221 3740 regni
1239 3680 1309 3724 coe·

389 3861 397 3894 ¹
412 3865 610 3926 Quingentesr'mo
621 3868 742 3930 septim]
754 3867 817 3917 This
844 3868 934 3916 reader
944 3881 1002 3927 may
1011 3867 1042 3914 be
1054 3864 1307 3919 reserredtoSmith's

354 3935 439 3982 would
451 3936 508 3995 give
518 3935 560 3983 the
568 3935 628 3983 date
639 3936 668 3985 oi
676 3937 702 3987 S.
711 3937 817 3985 Alban’o
844 3937 925 3996 Beda,
936 3935 1054 3997 Append.
1066 3931 1078 3997 §
1091 3935 1125 3982 iv.

354 4004 516 4065 martyrdom,
527 4008 592 4064 28⁰3
608 4005 695 4054 buthe
707 4007 729 4054 is
742 4021 818 4066 gene-
876 4003 1053 4054 ’Provinciole
1068 4002 1216 4067 concilim]
1236 4006 1308 4067 Spel-

354 4073 418 4136 rally
428 4074 779 4135 supposedtohavesuffered
791 4075 818 4122 in
842 4089 900 4123 man
917 4075 1003 4135 places
1019 4072 1069 4120 thir
1086 4077 1112 4119 at
1128 4071 1264 4137 Celchyth,
1280 4092 1308 4124 or

354 4145 411 4192 805.
438 4143 580 4192 Wendover
591 4144 678 4204 places
690 4144 730 4192 hio
741 4143 818 4193 death
843 4142 1011 4204 Clmlchuthe,
1028 4142 1071 4190 the
1090 4142 1184 4190 second
1206 4146 1306 4193 council

352 4211 379 4258 in
403 4217 459 4262 803.
508 4214 583 4273 Upon
605 4213 655 4261 this
678 4214 748 4273 point
776 4212 818 4261 the
843 4213 901 4261 held
913 4209 1207 4272 atthatplace;Concil.
1215 4227 1243 4274 p.
1251 4217 1308 4262 ³1³.
