3000 5004
464 441 604 491 anonas
628 440 898 490 nrsroumauu.
1111 424 1153 488 61

199 596 343 678 perdere
380 603 626 677 procurarent3
667 597 729 679 qui
767 596 1006 661 Verulamium
1044 572 1187 678 usque'

202 697 456 778 pervenientes
486 696 660 778 quomodo
694 715 810 777 regem
842 696 1025 778 perderent
1058 696 1155 760 solli·

201 794 267 859 cite
289 796 533 878 explorabant.
591 795 746 859 Tandem
776 796 868 859 inter
895 803 1024 859 caetera
1048 814 1155 858 unum

203 895 467 976 praeelegerunt,
483 913 553 977 quo
571 896 786 978 propositum
810 914 911 958 suum
928 895 973 958 ad
995 894 1155 959 effectum

203 994 441 1074 perducerent.
494 993 581 1057 Erat
603 1001 718 1058 antem
747 1001 849 1057 extra
876 993 1053 1058 civitatem
1075 993 1155 1057 fons

202 1110 301 1174 aquae
319 1091 548 1168 nitidissimae,
565 1093 607 1156 de
622 1113 691 1175 quo
704 1113 767 1156 rex
781 1093 897 1156 bibere
912 1100 1155 1169 consueverat,

203 1192 285 1274 quia
307 1191 461 1274 liquores
488 1192 575 1255 alios
599 1211 734 1256 sumere
762 1190 992 1269 abhorrebat;
1026 1192 1156 1255 sontem

203 1291 320 1373 itaque
347 1292 505 1372 aggressi
522 1291 723 1373 *proditores
746 1290 887 1354 nefandi
917 1291 1032 1372 ipsum
1055 1290 1156 1353 undi-

204 1409 270 1471 que
294 1389 488 1454 infecerunt
501 1410 646 1466 veneno,
661 1391 713 1454 ita
735 1396 775 1453 nt
797 1408 890 1473 aqua
909 1408 1055 1453 manans
1080 1396 1157 1454 totu

203 1496 490 1572 corrumperetur.
544 1488 594 1553 Ut
618 1497 734 1553 autem
760 1495 917 1571 potasset
941 1508 986 1551 ex
1012 1507 1054 1552 ea
1080 1507 1156 1566 rex,

203 1587 339 1651 sestinae
360 1589 463 1652 morti
485 1589 679 1664 succubuit,
693 1595 728 1652 et
743 1587 899 1652 homines
921 1588 1057 1651 centeni
1075 1594 1156 1670 post

203 1687 312 1764 illum,
340 1687 462 1764 donec,
492 1696 670 1769 comperta
691 1686 824 1764 frande,
852 1688 1028 1750 cumulum
1053 1694 1156 1751 terrae

204 1795 506 1869 superposuerunt.
553 1781 678 1851 ¹Hunc
698 1806 835 1870 qnoque
852 1787 983 1851 sontem
1000 1785 1157 1850 nonnulli

203 1885 316 1967 ipsum
344 1905 420 1950 esse
448 1887 594 1951 credunt
623 1907 725 1969 quem
755 1886 906 1950 invictus
931 1892 1065 1970 martyr
1092 1884 1157 1950 Al·

203 1985 327 2063 banus,
350 2005 541 2069 properans
568 1986 611 2050 ad
635 1986 852 2068 martyrium,
874 1985 1004 2050 sitienti
1026 1985 1157 2067 populo

204 2084 247 2148 de
263 2091 357 2149 terra
370 2086 471 2150 arida
486 2085 617 2151 orando
634 2085 813 2169 produxit.

426 2257 475 2320 De
490 2257 680 2322 cormmtioae
695 2257 774 2345 repis
788 2256 937 2321 Artduri.

258 2379 434 2445 Defuncto
458 2388 573 2444 autem
600 2400 693 2462 rege,
717 2387 955 2445 convenerunt
978 2378 1160 2461 pontifices

205 2498 283 2541 cum
301 2479 393 2542 clero
416 2486 451 2542 et
473 2479 602 2562 populo
626 2480 734 2561 regni,
750 2479 933 2562 ipsumque
956 2479 1046 2543 infra
1063 2478 1157 2544 Cho·

209 2596 301 2640 ream
328 2579 509 2659 gigantum
534 2598 629 2642 more
661 2581 764 2661 regio
782 2580 1026 2643 humaverunt.
1079 2578 1296 2677 Quoffltgs

206 2676 311 2754 facto,
326 2678 509 2742 Dubritius
534 2679 628 2742 urbis
651 2677 842 2760 Legionum
868 2679 1159 2761 archiepiscopus,

205 2777 387 2841 associatis
407 2777 473 2841 sibi
501 2777 673 2860 episcopis
696 2786 732 2841 et
754 2779 988 2860 magnatibus,
1005 2771 1159 2843 ²Arthn-

209 2895 283 2939 rum
312 2876 421 2940 filium
446 2877 534 2960 eJus,
560 2877 724 2960 juvenem
753 2877 948 2960 quindecim
979 2896 1159 2955 annorum,

208 2975 243 3038 in
280 2995 395 3057 regem
432 2983 640 3056 erexerunt3
674 2985 750 3040 erat
782 2978 872 3040 enim
899 2976 1064 3040 inauditae
1091 2977 1161 3040 vir-

208 3075 294 3138 tutis
317 3082 423 3157 atque
444 3074 630 3157 largitatis,
645 3077 735 3140 unde
752 3083 887 3141 tantam
910 3075 1058 3157 gratiam
1081 3094 1162 3157 pro-

208 3172 346 3250 meruit,
360 3181 400 3238 ut
415 3192 437 3238 a
450 3175 586 3239 cunctis
601 3173 673 3239 sere
689 3175 826 3257 populis
852 3182 1050 3253 amaretur3
1077 3194 1160 3239 con-

209 3272 339 3336 fluebat
367 3273 457 3337 enim
482 3275 525 3338 ad
556 3293 634 3338 eum
661 3281 761 3338 tanta
788 3273 933 3336 militum
962 3272 1161 3351 multitudo,

208 3379 248 3436 ut
264 3370 473 3437 sufficienter
487 3392 565 3456 quae
581 3373 652 3437 illis
671 3372 883 3435 ministraret
897 3371 1069 3454 stipendia
1090 3393 1162 3436 non

208 3470 361 3536 haberet.
416 3472 659 3537 Invitaverant
686 3473 795 3554 igitur
819 3490 861 3536 eo
887 3478 1040 3553 tempore
1071 3472 1161 3536 Sax-

245 3659 253 3692 ¹
277 3662 353 3712 Hunc
374 3678 465 3727 quoque
480 3663 606 3728 scatere]
623 3665 671 3713 See
698 3662 954 3726 thatanythingnew
964 3664 1074 3713 remeius
1087 3669 1113 3714 to
1129 3664 1161 3714 be

208 3732 293 3782 lissei
303 3732 331 3782 S.
343 3733 438 3795 nrum,
449 3734 592 3797 Capgrave,
604 3734 671 3783 Nov.
697 3733 760 3784 told.
795 3733 848 3782 'l'he
860 3733 949 3782 reader
960 3747 1028 3794 may,
1036 3733 1162 3796 however,

209 3803 272 3865 Lag.
284 3802 328 3851 iol.
339 3802 393 3852 viii.
404 3802 453 3852 col.
465 3807 490 3853 2.
698 3804 729 3853 be
743 3802 853 3853 referred
869 3809 894 3852 to
911 3803 1030 3852 Leland's
1046 3804 1162 3854 Assertio

243 3869 404 3920 ’Arthurum
414 3871 500 3938 fllium
514 3872 588 3935 ejus]
604 3871 672 3922 Con·
698 3874 808 3934 Arturii,
825 3871 922 3922 Sharon
946 3873 1066 3922 Turner's
1090 3873 1161 3924 Hist.

207 3944 311 4003 coming
321 3941 372 3990 this
383 3941 454 4003 hero,
461 3941 529 4002 who,
537 3941 673 4003 according
698 3944 759 3992 Sex.
767 3959 774 4002 ;
782 3958 826 4004 pp.
834 3946 876 4002 99,
884 3957 948 4006 seqq.
956 3942 1006 3991 and
1013 3942 1163 4004 Annomp-

208 4017 234 4060 to
260 4011 431 4073 Malmsbury,
456 4013 599 4061 ‘labantem
627 4025 672 4072 pu·
698 4011 1165 4073 son'spresacetohistrunsiutionos

205 4080 673 4141 triamdiususiinuerit,intractssque
699 4081 819 4143 Geoffrey
846 4080 876 4131 os
908 4081 1066 4146 Moumouth,
1098 4081 1160 4129 from

208 4151 303 4200 civium
321 4155 417 4200 mentes
440 4151 474 4199 ed
496 4151 590 4200 bellum
613 4165 672 4200 acu·
698 4150 783 4200 which
794 4150 1028 4200 writerWendorer
1037 4150 1084 4199 has
1095 4165 1162 4199 com-

208 4220 274 4284 erit,'
285 4219 306 4268 it
316 4219 339 4270 is
349 4221 533 4283 scarcelytcbe
544 4220 674 4283 supposed
698 4221 768 4285 piled
779 4221 819 4270 his
830 4220 963 4272 mrrative.
