3000 5004
352 463 417 526 43⁶2
602 473 736 521 nonum
762 472 809 519 nn
832 471 1040 520 wnunovnn

190 650 311 700 natm
351 629 529 694 stertentis
551 628 701 710 positum
725 625 939 691 Gerebertus
963 627 1111 709 arripuit
1138 636 1175 691 et
1202 628 1305 711 sugit.

353 728 525 808 Magister
541 746 662 789 somno
679 745 861 802 excussus,
878 725 1005 789 indicio
1027 727 1308 809 stellarumque

352 833 428 889 erat
443 833 517 889 arte
531 826 674 907 peritus,
688 825 883 906 insequitur
895 823 1108 905 fugientem
1133 824 1307 890 Gereber-

353 931 411 987 tus
431 943 569 1005 quoque
592 943 636 986 ex
660 924 839 986 stellarum
861 924 1076 1005 inspectione
1098 926 1305 1005 magistrum

353 1042 391 1085 se
421 1024 660 1104 insequentem
691 1022 916 1103 comperiens,
946 1022 1011 1085 sub
1039 1031 1145 1103 ponte
1177 1022 1306 1104 ligneo,

354 1121 414 1202 qui
436 1140 543 1202 prope
561 1128 648 1197 erat,
663 1139 701 1183 se
717 1119 898 1183 abscondit
912 1120 1082 1201 pendulus
1107 1129 1143 1184 et
1163 1130 1304 1202 pontem

355 1219 567 1301 amplectens
595 1228 635 1283 ut
659 1238 721 1283 nec
749 1237 876 1300 aquam
909 1225 1067 1298 tangeret
1096 1239 1211 1301 neque
1238 1228 1306 1284 ter·

354 1337 448 1396 ram3
471 1318 522 1380 ita
538 1318 724 1400 quaerentis
746 1316 913 1379 aviditate
935 1316 1114 1393 frustrata,
1137 1320 1306 1400 magister

353 1414 492 1478 domum
511 1424 546 1478 et
563 1416 748 1479 revertitur
761 1415 939 1478 confusus.
974 1414 1074 1478 Tunc
1091 1414 1306 1482 Gerebertus

352 1513 419 1577 iter
439 1514 625 1595 expediens
649 1515 744 1579 venit
772 1513 817 1576 ad
840 1532 946 1589 mare,
968 1513 1040 1589 ubi,
1061 1533 1124 1595 per
1145 1516 1306 1580 incanta·

353 1611 465 1675 tiones
491 1613 629 1676 diabolo
660 1613 842 1687 advocato,
865 1610 1062 1692 homagium
1088 1613 1120 1676 ei
1146 1613 1242 1691 fecit,
1265 1623 1304 1678 ut

353 1729 391 1771 se
416 1729 438 1772 a
463 1711 631 1790 magistro
655 1711 858 1793 insequente
883 1717 998 1772 tutum
1029 1710 1122 1774 ultra
1156 1713 1303 1794 pelagus

354 1813 618 1889 transportaret,
649 1810 741 1891 quod
773 1808 903 1871 facturn
940 1816 1019 1886 cst3
1053 1810 1162 1889 igitur
1194 1811 1303 1875 Gere-

353 1905 471 1969 bertus
489 1905 641 1970 Galliam
658 1908 852 1990 repatrians
872 1907 1028 1989 publicas
1051 1909 1232 1989 ingressus
1250 1920 1303 1975 est

353 2005 502 2083 scholas,
535 2006 593 2069 nbi
627 2006 755 2069 multos
785 2007 960 2086 proedictae
992 2006 1147 2071 scientiae
1178 2009 1302 2074 habuit

354 2104 554 2187 discipulos.

193 2223 342 2275 suasam
406 2198 545 2270 Fertur'
575 2205 707 2269 dehoc
736 2204 939 2281 Gereberto,
965 2204 1057 2285 qnod
1082 2205 1211 2270 fuderit
1238 2208 1303 2271 sibi

352 2310 480 2367 statuae
513 2312 630 2386 caput,
659 2312 756 2368 certa
786 2304 999 2386 inspectione
1027 2304 1191 2382 siderum,
1221 2326 1300 2370 cum

352 2421 472 2465 omncs
490 2404 651 2467 videlicet
676 2402 825 2484 planetae
848 2403 993 2466 exordia
1012 2423 1132 2466 cursus
1153 2406 1209 2467 sui
1231 2425 1302 2470 mc·

351 2499 557 2576 ditarentur,
591 2510 626 2565 et
648 2502 712 2564 hoc
738 2509 843 2583 caput
866 2520 934 2563 non
959 2501 1025 2564 nisi
1047 2503 1299 2584 interrogatum

352 2597 561 2677 loqueretur,
584 2600 643 2662 sed
666 2619 784 2663 verum
808 2599 863 2663 vel
886 2600 1046 2680 negative
1069 2600 1125 2664 vel
1152 2600 1302 2666 affirma-

353 2696 424 2757 tivo
455 2698 714 2776 pronuntiaret;
746 2706 785 2761 ut
816 2697 911 2761 verbi
941 2700 1067 2778 gratia,
1099 2718 1177 2762 cum
1209 2700 1300 2765 dice-

352 2801 405 2856 ret
421 2792 643 2871 Gerebertus,
660 2801 670 2829 ⁴
687 2796 757 2859 Ero
775 2795 1021 2878 apostolicus‘l’
1034 2798 1213 2879 respondit
1229 2809 1301 2863 sta-

352 2898 425 2968 tua,
460 2893 601 2956 ‘Etiam
615 2895 636 2972 ;'
660 2895 820 2958 ‘Moriar
841 2904 1027 2976 antequam
1053 2897 1194 2959 missam
1217 2917 1301 2961 can·

351 2997 420 3053 tem
437 2993 473 3055 in
490 2991 709 3056 Hierusalem
723 2994 750 3056 l’
787 2992 918 3056 ‘Non'
956 2987 1057 3057 ²Hoc
1073 2993 1172 3058 illum
1189 2997 1298 3059 ambi-

351 3109 420 3170 guo
443 3092 622 3172 deceptum
645 3092 771 3166 ferunt,
794 3099 832 3154 ut
858 3091 943 3153 nihil
970 3099 1051 3155 ante
1073 3102 1219 3157 mortem
1240 3114 1300 3158 co·

350 3189 478 3268 gitaret
500 3190 727 3271 poenitentiae,
746 3191 805 3270 qui
822 3190 1016 3253 confidebat
1031 3190 1075 3254 de
1091 3191 1197 3273 longo
1214 3200 1301 3256 tem·

349 3307 432 3368 pore
462 3290 555 3366 vitae,
589 3308 652 3352 nec
683 3289 855 3370 praevidit,
887 3289 978 3369 quod
1009 3296 1062 3352 est
1088 3289 1211 3354 Romae
1244 3311 1301 3355 ec-

349 3386 454 3450 clesia
480 3386 741 3450 ‘Hierusalem'
768 3395 903 3463 vocata,
927 3387 986 3450 ubi
1012 3394 1132 3451 cantat
1156 3391 1297 3454 missam

349 3503 452 3567 papa,
480 3506 556 3548 cum
582 3486 816 3566 praetitulatur
845 3486 950 3549 statio
978 3486 1021 3548 ad
1050 3485 1296 3566 Hierusalem3

348 3585 406 3646 ubi
424 3603 501 3646 cum
523 3586 661 3648 missam
686 3592 861 3647 cantasset
878 3583 1100 3660 Gerebertus,
1118 3586 1209 3650 lecto
1226 3595 1299 3652 sta·

348 3683 409 3743 tim
436 3682 629 3746 infirmatus
654 3683 828 3758 decubuit,
854 3689 889 3746 et
915 3689 1032 3746 statua
1058 3683 1219 3748 consulta
1239 3687 1300 3751 de-

346 3781 537 3859 ceptionem
553 3801 649 3845 suam
668 3791 704 3845 et
720 3789 863 3845 mortem
878 3782 1051 3862 cognovit.
1105 3780 1299 3849 Advocatis

380 4016 805 4082 ¹Ferturdeltoc.]Mulmsb.Hist.
832 4019 875 4079 bly
886 4019 928 4067 the
946 4019 1027 4081 origin
1045 4021 1074 4070 oi
1087 4022 1130 4071 the
1146 4025 1254 4085 parallel
1272 4027 1302 4076 oi

343 4090 455 4207 §liiioc
471 4157 539 4206 illam
555 4157 690 4220 ambigua]
709 4158 805 4208 Proba·
831 4088 1031 4206 Shak‘sirireihat
1054 4157 1201 4211 Jerusalem
1230 4164 1296 4215 shall

944 4227 1030 4287 llsrry
1041 4223 1100 4277 die.'
