3000 5004
409 453 548 500 storius
573 422 841 501 uisronmuuu.
1052 439 1095 502 67

139 610 189 675 eis
212 619 246 675 et
269 612 508 694 possessiones
525 619 689 693 paternas
713 612 893 675 affluenter
911 611 1094 675 subminis-

141 718 220 775 trat.

364 881 405 946 Ut
419 882 580 947 Artduraa
594 905 717 947 acorem
734 884 867 948 duxerit.

190 1002 434 1088 Annogratiae
459 1023 598 1070 nxxur
625 1027 703 1071 cum
728 1028 790 1071 rex
809 1006 984 1073 Arthurus
1013 1010 1090 1074 Bri·
1104 1032 1173 1070 ι...»
1171 1033 1214 1070 ιι.

140 1105 268 1167 tanniae
284 1106 434 1168 insulam
459 1106 502 1169 ad
525 1115 656 1171 statum
678 1107 859 1188 pristinum
881 1118 1089 1189 revocasset,
1105 1081 1241 1171 ididam

140 1223 283 1266 uxorem
307 1204 409 1268 duxit
433 1206 569 1270 nomine
592 1205 887 1282 Guenhumaram,
914 1228 957 1270 ex
982 1210 1088 1272 nobili

140 1301 378 1367 Romanorum
407 1324 532 1385 genere
556 1313 784 1387 procreatam.
838 1305 939 1382 Haec,
957 1308 992 1369 in
1011 1307 1089 1372 tha-

139 1401 230 1465 lamo
248 1402 346 1466 ducis
363 1401 548 1468 Cornubiae
565 1405 724 1481 educata,
742 1405 848 1469 totius
874 1406 996 1469 insulae
1014 1427 1089 1471 mu·

139 1500 239 1564 lieres
273 1502 527 1584 pulchritudine
560 1505 760 1586 superabat.
804 1503 904 1568 Tunc
932 1506 1088 1570 invitatis

139 1600 333 1684 quibusque
355 1604 569 1685 probissimis
601 1624 645 1667 ex
674 1605 790 1686 regnis
821 1604 924 1686 longe
954 1606 1088 1687 positis,

140 1705 272 1764 tantam
288 1702 323 1764 in
341 1702 443 1766 domo
454 1722 518 1766 sua
540 1704 647 1786 coepit
664 1703 790 1767 babere
805 1703 977 1782 facetiam,
996 1712 1035 1768 ut
1052 1705 1086 1768 in

138 1799 311 1865 induendo
338 1802 472 1865 sivein
497 1822 594 1866 arma
612 1803 765 1881 ferendo,
781 1804 883 1885 longe
909 1813 1088 1868 manentes

138 1900 285 1981 populos
302 1899 345 1964 ad
361 1902 617 1966 aemulationem
641 1904 695 1966 sui
717 1911 944 1988 provocaret3
970 1903 1089 1986 sicque

139 1997 231 2063 fama
255 2000 429 2082 largitatis
447 2010 552 2084 atque
569 2002 752 2085 probitatis
771 2003 877 2080 illius,
898 2022 959 2085 per
975 2003 1088 2067 diver-

138 2116 196 2161 sas
219 2101 378 2181 regiones
403 2102 595 2214 divulgata,
616 2103 753 2183 regibus
779 2103 1017 2166 transmarinis
1045 2105 1087 2167 ti-

140 2216 268 2262 morem
284 2219 352 2264 non
367 2201 544 2264 minimum
563 2202 742 2265 inferebat.

191 2295 295 2363 Anno
323 2301 446 2381 gratiae
473 2317 605 2364 uxxrv
626 2295 795 2382 ¹Vigilius
822 2319 914 2382 papa
941 2300 1061 2364 sedit
1052 2316 1211 2414 mapfflfp

140 2396 304 2463 cathedra
330 2399 491 2464 Romana
523 2402 623 2464 annis
650 2401 798 2464 sedecim
832 2407 867 2463 et
892 2399 1014 2463 diebus
1038 2401 1088 2463 vi·
1102 2427 1162 2466 rore

140 2496 229 2576 giuti
258 2518 334 2576 sex,
359 2507 395 2562 et
422 2499 573 2564 cessavit
598 2498 697 2563 sedes
721 2500 897 2563 mensibus
922 2501 1033 2563 tribus
1056 2508 1091 2563 et

140 2594 260 2660 diebus
275 2599 438 2680 quinque.

178 2768 220 2834 Ut
235 2771 395 2837 Arthona
403 2773 585 2858 provincias
599 2770 658 2836 ridi
673 2772 874 2837 conterminos
887 2770 1069 2858 subjuyacit.

192 2893 295 2961 Anno
309 2897 433 2979 gratiae
445 2914 564 2960 nxxu
575 2917 636 2960 rex
647 2895 834 2973 Arthurus,
846 2904 969 2978 parata
982 2897 1092 2961 classe
1106 2911 1159 2950 ab·
1170 2912 1214 2949 ⁵2⁵-

142 2995 305 3074 maxima‚
332 2996 513 3062 Hiberniae
544 2997 692 3060 insulam
725 2997 861 3078 petivit,
893 2997 948 3059 cui
981 2996 1091 3077 appli-

140 3095 233 3158 canti
250 3094 477 3160 Giilamurius
495 3116 556 3159 rex
575 3116 652 3160 cum
672 3097 801 3178 populo
827 3096 950 3176 patriae
972 3096 1091 3159 obvia-

142 3194 215 3273 vit;
241 3195 393 3273 tandem,
409 3195 618 3260 Gillamurio
646 3203 760 3277 capto,
784 3195 901 3257 caeteri
919 3194 1091 3277 principes

143 3291 308 3358 deditioni
327 3303 409 3359 sunt
426 3297 549 3360 coacti.
587 3293 722 3358 Deinde
741 3293 966 3370 Isolandiam,
977 3292 1091 3357 Gutb·
1105 3304 1210 3397 effi

141 3392 305 3471 laudium,
328 3402 434 3477 atque
458 3394 632 3459 Orcadum
656 3393 799 3470 insulas,
826 3392 916 3455 ferro
940 3392 1094 3457 flamma·

141 3512 208 3573 que
236 3513 453 3572 consumens,
481 3495 543 3557 has
574 3513 692 3558 omnes
724 3493 883 3574 regiones
911 3494 1093 3556 constituit

142 3593 207 3654 sub
223 3594 352 3657 tributo
369 3615 377 3671 ;
401 3614 470 3676 quo
486 3594 591 3670 facto,
608 3593 824 3657 Britanniam
840 3612 999 3656 reversus
1014 3599 1079 3656 est.

409 3767 457 3830 Da
471 3766 577 3829 heresi
589 3763 826 3849 Amphoterum

192 3889 297 3955 Anno
335 3893 459 3973 gratiae
494 3905 628 3953 nxxvr.
661 3887 918 3970 Acephalorum
952 3886 1163 3951 haeresisan
1173 3902 1218 3941 ⁵2⁶

1108 3952 1190 4000 Ηγιηι
1199 3952 1223 3990 or

141 3991 361 4054 convincitur
393 3999 429 4054 et
462 3990 657 4053 damnatur.
721 3987 816 4051 Dicti
848 3986 1028 4069 Acephali,
1059 3985 1094 4048 1d
1108 3962 1258 4051 tresorum·

182 4181 189 4214 ¹
207 4184 316 4246 Vigitius
326 4185 410 4248 popu]
429 4185 472 4234 He
489 4185 549 4233 died
563 4188 593 4233 1⁰
604 4184 720 4242 January
732 4187 790 4244 555,
806 4180 900 4243 having
918 4177 1044 4241 occupied
1053 4176 1094 4226 tbe

141 4254 304 4323 papaltchair
315 4256 432 4317 eigbteen
443 4270 526 4316 years.
927 4333 939 4367 F
955 4325 971 4369 ἢ
