3000 5004
357 448 424 514 368
612 462 745 512 nocam
771 463 819 510 nn
842 460 1048 510 wnuoovmt

358 623 602 687 monasterium
642 623 813 704 virginum
852 622 929 686 Deo
976 622 1181 686 devotarum
1228 626 1311 686 con·

357 723 500 798 struxit,
526 742 672 804 quarum
702 722 792 784 idem
825 720 1062 785 Ethelwaldus
1093 740 1198 784 unam
1224 723 1310 784 ahu·
1378 738 1382 749 ’

357 821 431 883 sive
465 822 615 902 rapienS,
648 838 724 883 eam
758 821 823 883 sibi
860 821 1078 883 matrimonio
1118 821 1308 901 copulavit.

357 918 458 981 Tunc
487 939 551 982 rex
581 919 807 993 Eadwardus,
838 920 979 999 cognita
1006 919 1153 982 veritate
1184 919 1228 981 de
1255 927 1308 982 te·

356 1018 515 1080 meritate
553 1016 772 1095 Ethelwaldi,
806 1019 996 1081 exercitum
1027 1018 1204 1097 ingentem
1236 1016 1307 1080 col·

355 1114 442 1196 legit
467 1124 503 1178 et
525 1116 665 1180 veniens
693 1116 784 1197 apud
813 1115 1033 1191 Bathoniam,
1061 1135 1130 1179 non
1157 1116 1307 1197 longea

356 1213 551 1278 Winburna
576 1223 841 1278 castrametatus
866 1222 943 1294 est3
967 1214 1058 1296 quod
1082 1234 1160 1277 cum
1185 1214 1305 1277 Ethel-

356 1313 489 1376 waldus
514 1314 747 1395 cognovisset,
770 1313 812 1376 de
838 1321 939 1376 nocte
961 1313 1080 1394 lugam
1102 1313 1192 1389 iniit,
1211 1313 1305 1376 Nor·

355 1410 633 1475 thanhumbriam
670 1412 782 1494 petiit,
814 1411 1003 1493 Danosque
1032 1412 1091 1492 qui
1120 1412 1168 1474 ibi
1198 1412 1304 1492 dege·

354 1509 438 1572 bant
475 1511 678 1592 suppliciter
706 1511 875 1591 exposcit,
904 1517 943 1572 ut
969 1528 1006 1572 se
1037 1511 1303 1574 commilitonem

353 1608 559 1688 recipientes
593 1628 698 1671 unum
729 1628 773 1670 ex
814 1627 877 1671 suo
914 1607 1061 1689 collegio
1099 1608 1143 1671 ad
1184 1629 1301 1689 regem

354 1705 585 1769 Eadwardum
607 1706 877 1788 expugnandum
900 1726 976 1770 esse
998 1708 1118 1784 velint,
1137 1710 1197 1788 qui
1220 1727 1302 1771 mox

353 1803 388 1865 in
415 1804 513 1884 regia
535 1803 704 1884 dignitate
736 1814 790 1868 est
822 1807 866 1868 ab
893 1806 1052 1868 omnibus
1079 1809 1301 1870 constitutus.

354 1901 435 1965 Rex
459 1921 541 1965 vero
570 1902 783 1967 Eadwardus
809 1905 851 1967 de
882 1904 957 1987 ejus
987 1903 1071 1985 fuga
1097 1917 1301 1980 commotus,

353 2002 412 2064 ubi
435 2003 600 2082 cognovit
621 2021 659 2064 se
681 2002 796 2083 ipsum
820 2010 900 2066 tunc
923 2002 1209 2084 comprehendere
1232 2024 1301 2068 non

353 2118 467 2180 posse,
485 2101 780 2164 sanctimonialem
802 2101 909 2178 illam,
927 2119 1031 2183 quam
1054 2111 1230 2184 rapuerat,
1242 2104 1301 2186 ju·

353 2198 411 2262 bet
428 2198 472 2261 ad
490 2219 590 2262 suum
606 2200 852 2263 monasterium
868 2199 996 2263 reduci.
1033 2193 1299 2279 ¹Ethelwaldus,

352 2305 475 2377 parato
498 2299 652 2378 navigio,
670 2298 910 2362 transfretavit
934 2299 977 2361 ad
1003 2296 1150 2376 Gallias,
1174 2308 1214 2364 ut
1231 2302 1301 2365 fon

353 2395 433 2459 tiori
450 2396 586 2459 rediens
603 2397 711 2459 milite
727 2397 877 2478 stipatus
895 2416 1010 2478 regem
1027 2397 1249 2480 inquietaret.

513 2542 653 2624 Defiliio
667 2552 694 2607 at
701 2541 833 2626 filiabus
851 2543 930 2626 rapis
944 2541 1136 2636 Eodwordi.

405 2665 545 2728 Interea
566 2686 628 2730 rex
647 2667 731 2730 fines
754 2667 853 2748 regni
874 2667 927 2729 sui
952 2665 1058 2729 latius
1077 2686 1181 2748 quam
1203 2677 1301 2749 pater

352 2763 428 2846 ejus
444 2764 616 2841 dilatavit,
633 2765 793 2829 civitates
809 2773 844 2828 et
859 2765 986 2847 oppida
1002 2764 1199 2842 aedificavit,
1215 2786 1301 2830 non·

352 2863 465 2926 nullas
487 2864 681 2928 destructas
699 2865 884 2946 reparavit.
937 2863 994 2925 Ex
1013 2857 1225 2928 ²concubina
1240 2886 1300 2930 no-

352 2962 443 3025 mine
460 2961 644 3045 ngynna
656 2962 762 3025 filium
782 2981 882 3025 suum
900 2962 1167 3043 primogenitum
1184 2964 1302 3028 Ethel-

352 3068 490 3124 stanum
506 3062 659 3144 suscepit
675 3082 684 3139 ;
711 3080 756 3123 ex
773 3060 925 3123 secunda
938 3060 1059 3141 regina
1074 3079 1150 3137 sua,
1166 3064 1301 3126 nomine

325 3157 502 3235 -Alfleda,
526 3160 664 3223 Elfelmi
688 3159 823 3222 comitis
844 3159 927 3234 filia,
952 3158 1038 3222 duos
1060 3158 1149 3221 filios
1163 3152 1302 3224 ³Ethel-

388 3322 812 3389 'Ethelwoldus.]TheSax.Chron.
837 3324 888 3373 had
900 3324 1032 3385 lorgotten,
1043 3320 1141 3391 (called
1152 3325 1301 3390 Beauixhy

351 3394 413 3442 does
425 3400 468 3443 not
478 3396 587 3444 mention
598 3396 640 3444 the
654 3396 715 3443 time
731 3394 760 3443 ol
774 3393 813 3442 his
837 3393 879 3441 the
891 3392 981 3441 Scotch
990 3389 1148 3459 historiens,)
1158 3397 1267 3445 married
1276 3404 1302 3446 to

351 3464 424 3524 ssight
444 3465 497 3511 into
519 3465 624 3525 Franco,
646 3465 693 3512 but
712 3464 739 3510 in
764 3467 812 3511 904
837 3462 1004 3523 Sihtriclring
1018 3461 1047 3511 ol
1062 3461 1301 3527 Northumberland,

351 3533 445 3593 speaks
455 3533 484 3581 ol
492 3534 532 3581 his
543 3538 628 3582 return
639 3533 702 3582 lrom
714 3532 813 3593 beyond
837 3532 896 3579 who
912 3531 936 3578 is
957 3531 983 3578 in
1002 3531 1044 3579 tho
1066 3534 1121 3578 text
1138 3537 1300 3596 erroneously

350 3616 402 3652 sea.
837 3600 894 3648 said
916 3604 942 3647 to
961 3599 1026 3647 have
1048 3599 1157 3648 married
1180 3602 1301 3666 Edgitln,

386 3668 397 3698 ²
409 3670 548 3718 Concubitus
558 3670 651 3719 nomine
662 3670 812 3732 Egregium]
836 3668 962 3730 daughter
971 3667 1000 3715 oi
1009 3668 1115 3716 Ellleda.

351 3739 512 3798 Malmsbury
533 3739 596 3786 calls
620 3739 665 3787 her
686 3738 813 3786 ‘illustris

350 3807 472 3867 loemina,'
493 3807 544 3854 and
570 3821 638 3856 more
663 3807 723 3854 than
751 3822 813 3855 once
872 3803 1076 3854 'Ethelwordum
1092 3811 1117 3854 et
1132 3807 1300 3874 Eadwinm]

350 3877 450 3936 implies
469 3875 509 3923 his
527 3875 648 3924 disbelicl'
661 3876 687 3923 in
702 3875 753 3923 this
769 3890 811 3925 ao·
836 3875 890 3923 The
902 3875 993 3923 lormer
1003 3874 1063 3922 died
1074 3879 1101 3923 at
1110 3874 1209 3926 Oxlord
1223 3894 1240 3927 a
1250 3878 1300 3928 lew

350 3950 427 3993 count
437 3942 466 3993 ol
474 3943 516 3992 the
529 3947 594 3993 stain
601 3961 633 3993 on
641 3940 812 3993 Aethelstan’s
837 3944 902 4004 days
913 3943 978 3991 after
988 3943 1029 3991 his
1040 3943 1117 4004 birth,
1128 3945 1179 3992 and
1190 3961 1245 3996 was
1256 3949 1302 3997 bu.

349 4015 425 4063 birth.
460 4013 514 4061 The
526 4018 595 4076 story
606 4015 635 4062 ol
646 4014 771 4074 nginna
789 4014 811 4062 ia
837 4014 891 4061 ried
902 4013 1110 4070 atll'inchester3
1128 4014 1301 4067 Eadwinrm

348 4085 401 4132 told
424 4088 451 4131 at
475 4084 561 4144 length
585 4085 619 4144 by
642 4083 811 4142 Malmsbury.
836 4081 955 4130 drowned
968 4082 1302 4143 alseain928‚asSimeon

348 4151 425 4216 §litia
441 4152 504 4200 This
516 4168 584 4202 same
594 4154 679 4201 writer
687 4153 810 4200 mentions
836 4151 910 4212 adds,
918 4151 951 4211 by
962 4151 1005 4199 the
1016 4151 1148 4200 command
1159 4152 1189 4200 ol
1197 4155 1302 4204 Aethel-

348 4223 403 4270 also
415 4222 575 4284 adaughter,
586 4223 672 4270 whose
687 4236 760 4269 name
777 4220 809 4268 he
835 4226 908 4280 etan,
924 4234 1041 4280 compare
1054 4220 1176 4270 Malmsb.
1189 4219 1202 4286 ξ
1215 4228 1271 4273 tta
