3000 5004
458 429 599 478 rnonns
626 429 896 479 ursromxnon.
1028 440 1030 445 ’
1087 419 1153 484 281

201 587 292 654 hanc
317 588 544 672 peccatricem
571 607 593 650 a
614 589 702 650 mari
725 607 835 670 usque
858 588 902 652 ad
928 599 1083 654 marcet
1109 593 1154 655 ab

202 690 340 753 homine
372 708 482 771 usque
508 688 552 751 ad
581 707 688 770 pecus
718 689 949 768 deleverunt3
983 690 1153 772 siquidem

201 788 369 869 Angliam
392 789 511 852 crebro
532 795 567 850 et
584 787 735 869 undique
750 789 966 865 invadentes,
984 810 1053 853 non
1077 810 1154 854 eam

200 889 390 972 subjugare
416 905 457 950 ac
478 886 667 968 possidere,
690 887 749 950 sed
775 887 923 968 praedari
947 907 988 951 ac
1012 889 1155 970 perdere

201 988 425 1069 satagebant.
463 985 533 1063 Qui
556 987 586 1049 si
607 986 794 1067 aliquando
815 987 1046 1065 vincerentur,
1071 989 1155 1051 nihil

204 1087 431 1170 proficiebant
457 1084 575 1166 Angli,
604 1104 682 1148 cum
714 1086 797 1148 alibi
825 1086 946 1149 classis
978 1088 1091 1171 major
1121 1096 1156 1152 et

204 1187 379 1250 exercitus
401 1204 446 1247 ex
470 1185 658 1265 improviso
680 1192 716 1248 et
738 1186 853 1247 subito
876 1185 1076 1264 adveniret3
1104 1189 1156 1249 ni-

203 1286 330 1351 mirum
362 1284 444 1346 dum
472 1284 574 1347 modo
600 1303 699 1365 reges
723 1281 917 1366 Anglorum
951 1285 986 1347 in
1015 1285 1156 1367 plagam

205 1384 303 1467 regni
319 1383 520 1448 orientalem
536 1391 658 1447 contra
670 1383 749 1446 illos
760 1383 941 1447 tenderent
955 1386 1156 1466 pugnaturi,

204 1492 390 1566 antequam
404 1483 528 1546 turmis
541 1482 879 1563 appropinquassent
892 1483 1052 1559 hostium,
1067 1504 1157 1548 nun-

205 1585 276 1648 tius
294 1583 481 1646 advolabat
496 1581 626 1657 dicens,
653 1580 757 1658 ‘Quo
780 1601 860 1644 nam
883 1602 945 1646 rex
968 1584 1034 1646 iter
1053 1583 1158 1646 sumi-

206 1683 280 1747 tis?
333 1681 423 1745 Ecce
446 1701 538 1744 nunc
566 1680 687 1744 classis
716 1700 933 1762 paganorum
960 1683 1158 1746 innumera·

205 1782 298 1858 bilis,
327 1801 371 1844 ex
403 1781 547 1844 australi
575 1788 675 1862 parte
702 1781 800 1862 regni
827 1781 945 1845 littora
970 1801 1158 1864 occupans,

206 1881 309 1944 urbes
332 1888 367 1943 et
385 1880 484 1944 villas
502 1880 675 1961 praedans,
691 1879 781 1944 ferro
798 1899 945 1962 quaeque
971 1882 1036 1944 sibi
1055 1883 1159 1945 obvia
1256 1920 1258 1924 .

207 1987 243 2044 et
259 1979 417 2043 incendio
432 1977 684 2060 conflagravit?
721 1977 804 2041 Non
818 1979 931 2042 minus
949 1980 1025 2045 ideo
1043 2000 1160 2045 rumor

208 2079 405 2163 hujusmodi
426 2080 470 2142 ab
493 2079 624 2142 oriente
644 2077 697 2141 vel
715 2078 892 2142 occidente
915 2087 976 2143 aut
999 2079 1160 2162 aquilone

208 2177 456 2260 superveniens
482 2198 616 2241 omnem
641 2177 811 2259 indigenis
836 2196 932 2259 spem
954 2179 1076 2243 salutis
1100 2180 1161 2242 ad-

208 2279 319 2357 emit;
359 2278 478 2359 sicque
507 2285 560 2341 tot
589 2276 689 2340 malis
724 2296 765 2339 ac
791 2279 985 2341 rumoribus
1011 2279 1160 2342 sinistris

208 2397 310 2459 reges
337 2397 416 2440 cum
434 2376 600 2460 subjectis
620 2376 780 2439 cordibus
802 2375 1016 2454 desecantes,
1040 2386 1162 2441 contra

209 2475 354 2540 hostiles
385 2476 598 2539 incursiones
628 2475 770 2538 dubium
804 2484 976 2540 certamen
1006 2477 1159 2556 inibant;

208 2576 301 2640 unde
319 2576 479 2657 contigit,
494 2576 703 2657 quandoque
726 2576 832 2652 cives,
855 2577 1063 2660 quandoque
1086 2579 1161 2642 vin·

209 2683 369 2740 cerentur
386 2683 421 2738 et
436 2674 565 2738 hostes.

260 2772 365 2839 Anno
381 2774 521 2839 Domini
548 2789 785 2837 ccccxxxix.
809 2772 1025 2839 Herebertns
1047 2795 1162 2840 comes
1175 2802 1286 2842 anot.

210 2875 381 2957 pugnavit
395 2881 517 2938 contra
530 2892 687 2955 paganos
703 2874 794 2954 apud
808 2865 1080 2951 ¹Mersuuarum,
1091 2876 1161 2952 ubi,
1176 2852 1302 2943 dffldl

210 2973 324 3038 Danis
335 2974 552 3036 vincentibus
563 2980 599 3036 et
613 2973 687 3035 suis
701 2973 926 3037 bellatoribus
938 2973 1162 3055 fugientibus,

212 3072 302 3136 idem
320 3092 434 3137 comes
449 3072 622 3135 occubuit.

262 3170 365 3266 Anno
390 3171 531 3236 Domini
556 3187 724 3246 ncccxn,
744 3169 906 3233 defuncto
928 3191 1009 3252 rege
1029 3171 1162 3236 North·
1177 3193 1287 3235 enno.

211 3270 481 3334 anhumbrorum
501 3268 679 3347 Andrcdo,
695 3263 937 3347 ²Athelredus,
960 3270 1052 3333 filius
1074 3272 1163 3355 ejus,

209 3379 342 3453 septem
358 3372 458 3434 annis
473 3370 649 3433 successit.

262 3468 367 3534 Anno
389 3469 530 3533 Domini
551 3461 968 3551 bcccxn1.³paganornm
989 3470 1164 3534 exercitus
1176 3491 1232 3533 nn.
1242 3493 1287 3533 nr.

248 3716 256 3748 ¹
269 3720 441 3769 Merraaaram
448 3719 470 3782 5]
479 3717 589 3781 perhaps
599 3719 674 3767 Rom·
735 3715 914 3780 'Puguaoram
924 3718 1067 3783 exercitae]
1080 3720 1166 3768 liunt-

211 3804 262 3851 ney
271 3790 370 3849 Mnrsh,
380 3789 407 3837 in
420 3789 496 3839 Kent.
519 3788 582 3836 This
592 3789 676 3837 action
700 3788 794 3849 ingdon
800 3789 886 3851 places
894 3788 936 3837 the
942 3790 1084 3839 incursione
1091 3790 1120 3839 os
1123 3789 1165 3839 the

212 3862 235 3910 ie
252 3859 344 3921 placed
361 3860 395 3920 by
407 3857 449 3907 the
467 3858 676 3908 Sa1.Chron.in
701 3859 789 3908 Dones
806 3860 858 3907 into
880 3858 1017 3908 ‘Lindseie
1038 3861 1088 3908 and
1107 3861 1166 3908 Eat-

212 3930 256 3978 tbe
268 3929 387 3991 previous
397 3942 468 3989 year.
623 3938 630 3950 ·
702 3929 828 3990 angle'in
839 3928 881 3977 the
893 3943 962 3977 same
978 3943 1040 3989 year
1049 3928 1111 3978 with
1123 3929 1165 3978 the

248 3994 433 4047 'Amandum
447 4032 454 4047 .
467 4033 473 4045 .
484 4001 573 4060 septem
583 3995 677 4058 anam]
703 3998 780 4047 battle
789 3997 818 4047 os
825 3998 999 4058 Merseware,
1007 3999 1042 4047 all
1049 3998 1078 4047 ot*
1081 3998 1165 4047 which

136 4063 138 4066 ’
214 4067 266 4116 His
282 4068 358 4117 death
375 4069 399 4117 is
417 4067 538 4116 recorded
555 4068 637 4115 below
652 4067 678 4113 in
703 4067 843 4129 areplaced
850 4069 884 4128 by
893 4066 934 4115 the
942 4068 1002 4117 Sax.
1012 4067 1106 4116 Chron.
1115 4067 1166 4115 and

212 4141 272 4188 848.
307 4138 362 4187 'l'he
373 4152 435 4199 year
443 4136 472 4184 oi
480 4137 520 4186 his
528 4137 679 4198 deposition,
704 4137 824 4186 Florence
844 4138 869 4184 in
889 4141 946 4186 838.
983 4137 1014 4184 ln
1036 4141 1084 4184 840
1106 4136 1166 4197 they

214 4211 273 4272 8⁴4,
285 4207 307 4257 ia
318 4208 378 4258 here
389 4206 512 4271 probably
523 4206 638 4257 omitted.
704 4209 792 4256 record
804 4207 845 4255 the
857 4207 935 4256 battle
946 4205 976 4254 ol
984 4205 1149 4282 Charmouth.
