3000 5004
382 441 469 502 xxiv
772 451 945 498 annulos.

384 626 438 680 tro
458 621 652 678 extractum
672 612 772 674 duxit
793 611 1003 684 Londonias,
1027 616 1062 671 et
1082 628 1172 682 eum,
1197 607 1256 671 vix
1276 627 1334 671 an-

386 724 512 778 nuente
527 713 667 795 populo,
682 731 722 774 eo
737 711 828 792 quod
848 709 1036 772 monachus
1052 717 1155 784 esset,
1169 709 1203 769 in
1219 727 1334 787 regem

386 814 507 877 erexit.
551 810 762 875 Withelinus
779 810 882 883 enim,
898 808 1149 871 Londouiensis
1166 807 1337 888 archiepi-

387 932 525 995 scopus,
547 920 629 974 tunc
647 909 827 973 defunctus
850 907 974 982 fuerat,
997 926 1058 969 nec
1079 905 1144 969 suit
1159 907 1258 981 alter,
1275 907 1335 987 qui

388 1012 483 1075 illum
498 1012 532 1072 in
550 1029 664 1090 regem
677 1008 864 1071 sublimare
878 1006 1173 1088 praesumpsissct3
1191 1006 1251 1067 sed
1263 1006 1337 1086 ipse

391 1109 621 1190 Vortigernus
639 1109 729 1171 vices
745 1107 897 1188 episcopi
913 1124 1049 1187 gerens,
1067 1101 1261 1187 [coronam]
1279 1124 1338 1167 ca-

391 1209 454 1291 piti
481 1228 544 1270 suo
574 1208 720 1289 propriis
748 1206 905 1268 manibus
927 1205 1112 1285 impressit„
1165 1203 1337 1266 Sublima-

392 1317 449 1372 tus
474 1306 580 1388 igitur
606 1326 679 1381 rex,
707 1305 823 1368 omnia
848 1305 945 1384 regni
968 1303 1108 1384 negotia
1127 1301 1339 1382 vortigerno

391 1406 605 1488 disponenda
631 1404 812 1468 commisit.
866 1401 915 1466 At
932 1402 1176 1482 Vortigernus,
1202 1410 1339 1464 astutus

392 1515 427 1568 et
449 1506 599 1586 sapiens,
622 1504 766 1567 castella
789 1511 823 1565 et
844 1502 1050 1565 munitiones
1074 1501 1169 1580 regni
1192 1501 1263 1563 suis
1286 1519 1341 1562 sa-

393 1604 559 1668 tellitibus
579 1603 730 1678 tradens,
753 1620 822 1682 quo
844 1601 945 1664 modo
966 1620 1080 1681 regem
1102 1600 1252 1662 traderet
1269 1600 1341 1662 cal-

394 1702 463 1765 lide
486 1702 675 1781 cogitabat.
729 1700 829 1781 Cepit
847 1700 965 1781 itaque
989 1700 1168 1763 thesauros
1192 1698 1282 1779 regis
1305 1699 1341 1761 in

394 1800 599 1875 custodiam,
616 1808 651 1863 et
675 1818 853 1862 numerum
880 1800 1024 1863 militum
1053 1818 1093 1861 ac
1119 1798 1341 1861 servientium

395 1899 516 1963 diebus
533 1898 679 1979 singulis
694 1899 943 1979 augmentavit.
1003 1897 1137 1961 Deinde
1151 1917 1265 1978 regem
1281 1897 1343 1960 ad-

394 1999 482 2073 iens,
507 1998 687 2061 consilium
710 1998 804 2061 dedit
827 1998 869 2072 ei,
891 2006 930 2060 nt
952 2004 1088 2061 centum
1107 1996 1238 2073 Pictos,
1255 2016 1342 2078 quos

396 2097 440 2160 ad
463 2117 597 2160 omnem
621 2096 842 2179 perditionem
860 2104 894 2159 et
911 2095 1027 2160 dolum
1045 2105 1222 2178 promptos
1239 2116 1344 2159 nove-

396 2205 451 2259 rat
469 2203 502 2259 et
520 2205 672 2277 paratos,
690 2197 724 2258 in
747 2196 912 2275 obsequio
934 2216 997 2259 sno
1021 2196 1193 2270 retineret,
1218 2204 1255 2258 ut
1271 2215 1344 2258 cor-

397 2314 576 2377 passuum
597 2294 717 2358 diebus
741 2314 781 2358 ac
804 2295 962 2358 noctibus
984 2296 1027 2358 ab
1052 2295 1244 2357 incursione
1267 2294 1347 2357 hos·

398 2395 484 2458 tium
503 2402 692 2458 tuerentur.
731 2393 854 2470 Porro,
869 2402 1043 2457 annuente
1059 2414 1150 2474 rege,
1167 2394 1344 2475 supradic-

398 2501 455 2556 tus
473 2492 650 2556 Pictorum
668 2512 829 2555 numerus
849 2513 925 2556 cnm
946 2493 1083 2575 privata
1102 2494 1193 2574 regis
1216 2493 1347 2556 familia

399 2599 452 2655 est
478 2591 673 2667 admissus;
706 2599 743 2654 at
760 2592 990 2672 Vortigernus
1011 2612 1070 2656 eos
1093 2592 1143 2654 ita
1166 2592 1346 2673 stipendiis

399 2690 534 2753 ditabat
562 2689 767 2753 militaribus
797 2698 831 2753 et
857 2691 968 2772 epulis
992 2691 1244 2754 delicatissimis
1270 2692 1348 2754 reii-

400 2789 524 2864 ciebat,
546 2789 637 2871 quod
657 2789 840 2852 adorantes
859 2790 953 2852 illum
973 2811 1035 2872 per
1054 2790 1187 2871 plateas
1205 2790 1346 2871 dignum

400 2888 543 2969 imperio
566 2888 775 2951 indicabant.
830 2889 917 2951 Cum
943 2889 1049 2968 igitur
1067 2889 1214 2970 gratiam
1238 2891 1349 2952 omni-

402 3007 458 3049 um
476 3006 513 3049 se
530 2986 656 3050 habere
673 2988 893 3068 cognovisset
906 2987 1149 3067 Vortigernus,
1163 2988 1348 3052 inebriavit

401 3105 461 3149 eos
484 3085 631 3167 quodam
651 3086 715 3163 die,
736 3086 853 3149 dicens
873 3106 950 3149 cum
967 3086 1164 3169 lachrymis,
1182 3107 1219 3150 se
1234 3108 1255 3151 a
1272 3089 1349 3151 Bri-

402 3186 521 3248 tannia
548 3204 774 3261 recessnrum,
796 3205 874 3247 cum
897 3205 963 3248 non
983 3185 1125 3249 haberet
1146 3186 1189 3248 de
1212 3190 1351 3269 proprio

403 3303 544 3347 numero
568 3285 690 3366 [unde]
716 3285 969 3367 quinquaginta
993 3285 1156 3349 militibus
1178 3287 1351 3368 stipendia

403 3383 618 3464 provideret3
655 3382 790 3458 deindo,
824 3384 924 3464 quasi
954 3382 1075 3460 tristis,
1110 3385 1270 3447 recedens
1307 3386 1349 3449 ad

405 3481 592 3563 hospitium
610 3502 723 3557 suum,
743 3484 836 3563 ipsos
859 3483 894 3544 in
916 3482 997 3544 aula
1018 3491 1177 3563 potantes
1196 3484 1350 3567 reliquit3

405 3599 474 3661 quo
499 3581 630 3654 audito,
656 3582 916 3643 murmurabant
937 3579 1028 3645 Picti
1050 3582 1094 3644 ad
1117 3582 1275 3659 invicem,
1302 3585 1353 3647 di-

405 3684 535 3753 centes,
562 3678 715 3759 ‘thuid
743 3679 946 3742 monachum
969 3680 1072 3743 istum
1096 3700 1164 3743 non
1190 3681 1352 3745 interlici-

407 3795 494 3850 mue,
511 3784 550 3838 ut
564 3774 794 3857 Vortigernus
816 3777 904 3840 solio
927 3780 1024 3860 regni
1039 3779 1227 3861 potiaturl'
1271 3781 1353 3844 Sur·

408 3882 528 3955 gentes
564 3874 683 3957 itaque
720 3877 893 3952 inebriati,
930 3877 1095 3959 impetum
1132 3876 1285 3943 fecerunt
1318 3881 1353 3945 in

408 3991 542 4052 regem3
574 3973 703 4055 illoque
729 3982 918 4056 perempto,
934 3976 1146 4058 Vortigeruo
1174 3987 1278 4059 caput
1306 4000 1355 4043 re-

407 4072 501 4152 gium
524 4071 732 4136 detulerunt.
787 4073 889 4151 Quod
917 4095 995 4137 cum
1021 4075 1249 4140 intellexisset
1265 4077 1355 4142 Vor-

407 4172 575 4252 tigernuS,
597 4172 696 4253 quasi
722 4174 959 4247 contristatus
985 4174 1020 4235 in
1044 4175 1162 4238 tletum
1189 4179 1356 4259 prorupit,
