3000 5004
340 462 384 527 38
596 476 729 524 nonum
754 476 801 522 nn
825 475 1032 523 wnunovna

343 634 483 699 meavit.
535 632 658 708 Tunc,·
674 630 851 714 adquisito
879 638 1000 695 sancto
1026 629 1189 713 Remigio
1221 631 1295 713 epi·

344 753 463 816 scopo,
477 732 674 813 baptizatus
690 738 746 795 est
763 751 840 795 cum
858 731 951 795 omni
966 737 1071 812 gente
1086 749 1162 794 sua.

345 955 429 1019 Zeno
444 954 634 1039 imparatam·
651 952 723 1016 Ello
731 953 857 1037 primas
873 973 927 1015 rac
941 951 1129 1016 australium
1141 952 1298 1017 monum

552 1050 718 1138 cullaclis
731 1052 862 1115 omitia
876 1050 1091 1114 Britanniam.
1259 1091 1261 1094 ⁴

188 1195 297 1238 unca
399 1174 504 1241 Anno
533 1178 657 1261 gratiae
686 1191 920 1240 ccccnxxvn.
948 1168 1075 1254 ¹Zeno,
1099 1174 1297 1240 Romanum

350 1277 543 1360 suscipiens
558 1276 752 1360 imperium,
762 1274 863 1337 annis
875 1274 1109 1356 septendecim
1125 1276 1295 1357 regnavit.

189 1392 324 1485 fflissffiu
352 1375 483 1440 Eodem
507 1396 600 1440 anno
614 1369 711 1439 ²Ella
725 1374 798 1438 dux
815 1380 850 1437 et
870 1380 941 1437 tres
963 1374 1024 1437 filii
1046 1374 1136 1458 ejus,
1151 1373 1296 1458 Cymen,

306 1469 312 1482 '
353 1475 530 1557 Plenting,
553 1481 588 1538 et
612 1474 725 1551 Cissa,
749 1473 785 1536 in
813 1472 1030 1537 Britanniam
1049 1473 1240 1551 venientes,
1262 1473 1298 1536 in

353 1575 441 1651 loco,
458 1574 518 1656 qui
538 1581 661 1657 postea
675 1592 697 1636 a
714 1572 878 1654 Cymene,
896 1570 1167 1656 Cymenshoara,
1182 1573 1217 1637 id
1232 1579 1299 1650 est,

351 1679 474 1755 portus
498 1672 673 1756 Cymenis‚
693 1671 883 1749 dicebatur,
908 1672 1173 1754 applicuerunt3
1201 1691 1299 1754 egre-

353 1771 526 1835 dientibus
551 1779 668 1836 autem
690 1771 761 1835 illis
779 1772 961 1836 innumera
988 1771 1173 1836 Britonum
1198 1773 1300 1835 turbu

353 1870 593 1949 convolarunt,
611 1879 647 1936 et
668 1871 796 1935 bellum
809 1870 902 1935 illico
919 1871 1082 1935 inierunt.
1135 1869 1203 1934 Sed
1220 1870 1299 1933 Bri·

354 1977 453 2035 tonas
480 1991 639 2054 campum
662 1971 869 2047 deserentes,
886 1970 930 2033 ad
949 1971 1145 2052 proximum
1168 1989 1301 2046 nemus,

354 2070 446 2154 quod
456 2063 753 2135 ³Andrednswode
770 2070 960 2145 dicebatur,
971 2068 1083 2151 fugati
1094 2076 1188 2133 sunt.
1212 2069 1302 2132 Sax-

354 2189 439 2233 ones
457 2188 537 2233 vero
559 2169 678 2233 littora
693 2169 797 2232 maris
822 2169 859 2231 in
880 2167 1069 2232 Suthsexia
1083 2175 1304 2252 occupantes,

355 2268 466 2350 magis
483 2268 663 2352 magisque
680 2269 745 2332 sibi
764 2268 916 2348 regionis
932 2267 1027 2332 illius
1046 2267 1162 2351 spatia
1182 2266 1303 2350 subju-

355 2374 494 2450 garuni.

642 2564 730 2628 Noto
745 2565 856 2628 matris
863 2565 1020 2650 potatam

409 2686 512 2752 Anno
538 2688 661 2770 gratiae
692 2705 940 2753 ccccnxxviu.
973 2688 1094 2752 Zenon
1120 2689 1308 2771 imperator

227 2837 240 2864 n
360 2788 512 2852 Leonem
536 2787 643 2851 lilium
673 2808 772 2851 suum
792 2788 984 2853 interlicere
1007 2806 1178 2871 quaerens,
1195 2794 1307 2851 mater

244 2886 261 2915 ¹·
359 2887 436 2969 ejus
458 2907 521 2970 pro
539 2907 581 2951 eo
598 2888 705 2951 alium
730 2889 761 2952 ei
783 2888 928 2951 similem
944 2887 1082 2963 obtulit,
1099 2887 1159 2969 qui
1185 2894 1307 2969 postea

359 2987 395 3052 in
412 2987 577 3052 clericatu
600 3006 709 3069 usque
732 2986 776 3049 ad
793 2985 816 3049 J
819 2986 984 3051 ustiniani
1007 2995 1163 3068 tempora
1182 2986 1308 3069 perdu-

356 3088 458 3152 ravit.

514 3292 631 3376 Corpus
645 3288 802 3354 Barctolae
815 3290 944 3374 apostoli
958 3301 1110 3376 repertam
1124 3300 1175 3356 oct.

199 3442 308 3482 inan.
412 3415 517 3481 Anno
556 3416 679 3498 gratiae
717 3430 941 3478 ccccnxxix.
976 3435 1102 3499 corpus
1140 3414 1311 3479 Bamabae

198 3491 345 3590 miii?
363 3515 527 3597 apostoli,
544 3522 579 3578 et
601 3515 819 3596 evangelium
847 3513 1008 3578 Matthaei
1028 3515 1103 3598 ejus
1119 3515 1212 3597 stylo
1229 3534 1311 3578 con·

199 3592 341 3633 ⁸'¹³¹”¹⁸¹'”'
363 3616 543 3696 scriptum,
560 3614 637 3697 ipso
652 3614 840 3690 revelante,
855 3621 1028 3696 repertum
1045 3622 1110 3679 est.

397 3998 406 4033 ¹
428 4002 525 4066 Zona]
551 4003 594 4052 He
621 4002 681 4052 died
709 4006 726 4051 9
753 3992 933 4065 Aprll'tween
955 4001 1072 4052 Amndel
1093 4001 1143 4050 ond
1166 4001 1314 4052 Shoreham.

363 4078 421 4124 491.
851 4074 899 4122 See
912 4072 1010 4121 Carte's
1021 4073 1091 4121 Hist.
1103 4087 1129 4133 p.
1141 4075 1199 4121 198.

400 4142 476 4193 ’Ello
486 4144 560 4208 duc]
580 4143 622 4192 Hc
633 4143 726 4192 lauded
747 4144 826 4193 ntCi-
886 4134 1140 4208 nunciamus]
1168 4141 1314 4191 Androcles·

362 4214 501 4278 mcnshore‚
528 4229 589 4266 near
616 4214 761 4276 ll'ittering,
785 4216 827 4263 bc·
851 4213 931 4275 leuge.
968 4213 1029 4262 Sax.
1041 4211 1136 4262 chron.
