3000 5004
387 464 527 512 anonas
551 464 820 515 nrs‘roamnuu.
1035 451 1077 514 ll

123 622 241 686 decem
258 628 293 685 et
303 628 382 686 octo
396 639 504 685 naves
516 621 634 686 electis
649 622 816 685 militibus
827 622 957 705 plenas.
983 623 1075 687 Con·
1088 647 1173 686 aravo
1182 649 1206 686 οι

124 721 301 785 duxerunt
324 722 430 784 etiam
455 721 561 784 filiam
585 720 764 803 Hengisti,
780 723 950 786 vocabulo
978 722 1076 786 Rou·
1090 697 1193 737 mm

124 841 214 898 wen,
249 821 349 905 cujus
377 816 633 902 pulchritudine
661 819 893 902 Vortigernus
926 821 1075 899 illectus,

125 920 318 1003 postulavit
348 938 424 983 eam
453 940 476 984 a
507 928 606 1002 patre
640 939 728 1000 suo;
753 920 949 1003 Hengistus
979 942 1075 999 vero,

124 1028 303 1103 comperta
325 1020 432 1083 animi
445 1020 539 1101 regis
562 1020 718 1097 levitate,
734 1021 904 1085 concessit
920 1021 952 1085 ei
968 1020 1076 1085 filiam

124 1139 236 1183 suam.
290 1119 442 1183 Intravit
458 1120 577 1202 itaque
595 1119 768 1183 sathanas
783 1121 819 1183 in
833 1139 893 1184 cor
910 1120 998 1204 ejus,
1014 1122 1075 1203 qui

125 1238 205 1283 cum
223 1225 317 1283 esset
333 1216 552 1282 Christianus
569 1237 648 1282 cum
665 1237 805 1301 pagana
826 1219 919 1282 coire
941 1219 1075 1283 deside·

125 1319 237 1383 rabat.
290 1318 423 1400 Nupsit
446 1319 564 1401 itaque
583 1317 702 1381 eadem
718 1325 820 1382 nocte
835 1337 898 1381 rex
915 1337 1076 1401 paganae,
1088 1341 1215 1382 aermna-

124 1437 204 1499 quae
221 1418 315 1481 ultra
330 1417 469 1482 modum
484 1417 616 1500 placuit
629 1438 637 1496 ;
662 1416 753 1480 unde
767 1417 981 1482 inimicitiam
994 1437 1075 1500 pro·
1088 1402 1134 1442 ‘⁸⁰'

130 1536 247 1581 cerum
277 1524 314 1581 et
342 1517 491 1581 filiorum
521 1535 663 1581 suorum
690 1517 847 1580 incurrit.
899 1514 1078 1582 Genuerat

127 1617 287 1698 primitus
311 1616 401 1680 filios
427 1616 470 1679 de
496 1616 607 1680 altera
632 1615 780 1699 conjuge
808 1635 956 1698 quorum
978 1624 1079 1680 erant

128 1716 280 1792 nomina,
309 1714 541 1792 Vortimerus,
576 1714 804 1796 Katigernus,
845 1708 1077 1781 ¹Pascentius.

130 1813 261 1878 Genuit
297 1814 403 1877 etiam
430 1834 475 1878 ex
508 1814 628 1877 eadem
651 1814 800 1896 conjuge
824 1813 944 1892 filiam,
974 1835 1078 1897 quam

129 1914 163 1976 in
180 1914 384 1977 societatem
407 1914 474 1977 tori
497 1914 700 1995 suscipiens,
716 1907 842 1978 ²filium
862 1934 908 1977 ex
932 1933 974 1978 ea
998 1934 1078 1997 pro·

128 2014 272 2089 creavit,
294 2012 385 2076 unde
408 2031 431 2078 a
455 2012 492 2076 S.
509 2011 685 2077 Germano
708 2020 744 2076 et
767 2014 811 2076 ab
829 2014 921 2077 omni
947 2013 1080 2095 episco-

128 2133 250 2195 porum
264 2120 439 2177 conventu
455 2113 776 2177 excommunicatus
792 2120 857 2176 est.

392 2286 442 2350 De
456 2287 592 2352 transita
608 2286 642 2351 S.
661 2285 820 2350 emanat.

175 2409 307 2474 Eodem
318 2428 422 2486 anno,
434 2417 473 2474 ut
482 2411 621 2493 scripsit
632 2409 844 2492 Sigisbertus
853 2409 888 2473 in
899 2402 1082 2473 ³chronicis
1093 2437 1163 2478 omn
1172 2438 1224 2479 ors.

130 2510 216 2586 suis,
238 2517 382 2573 sanctus
399 2508 594 2573 Germanus
612 2511 656 2573 ad
675 2510 893 2586 Ravennam,
915 2529 978 2592 pro
997 2529 1082 2591 pace
1093 2490 1219 2529 ⁶⁰¹¹¹¹¹¹¹¹¹⁸·

130 2607 367 2673 Armoricanae
392 2611 507 2690 gentis
532 2611 748 2691 perveniens,
770 2617 806 2673 et
829 2628 963 2673 summa
985 2628 1082 2673 reve·

130 2709 243 2772 rentia
257 2728 280 2772 a
291 2708 540 2773 Valentiniano
557 2717 593 2774 et
607 2709 765 2773 Placidia
781 2717 891 2774 matre
909 2709 985 2793 ejus
1005 2728 1082 2773 sus·

130 2816 266 2891 ceptus,
294 2809 459 2891 migravit
482 2809 524 2873 ad
550 2808 748 2888 Christum3
775 2808 875 2893 cujus
898 2829 1023 2892 corpus
1045 2810 1081 2873 in

130 2907 320 2972 honorifico
346 2909 485 2992 agmine
510 2910 755 2974 comitantibus
778 2909 945 2973 virtutum
973 2909 1082 2990 signis

129 3005 376 3073 Autissiodoro
413 3008 577 3073 defertur.
629 3007 710 3086 Quo
744 3016 899 3091 tempore
932 3007 1081 3072 Severus

129 3108 322 3191 presbyter,
339 3109 393 3172 vir
407 3108 582 3172 miraculis
596 3108 797 3191 praeclarus,
815 3109 991 3172 destructo
1005 3107 1081 3171 ido-

129 3206 241 3270 lorum
272 3208 414 3291 templo,
445 3208 504 3271 ubi
535 3227 631 3272 error
662 3207 804 3289 gentilis
828 3215 966 3271 centum
997 3206 1081 3271 deos

130 3306 268 3371 cultura
300 3307 521 3371 insanissima
558 3307 739 3382 adorabat,
774 3305 955 3370 ecclesiam
987 3307 1080 3369 beati

129 3408 396 3490 protomartyris
411 3405 592 3490 Stephani,
608 3414 648 3470 ut
664 3412 925 3470 consecraretur
937 3425 1009 3486 prae
1028 3405 1080 3469 so-

128 3506 224 3569 ribus
245 3506 392 3571 Viennae
418 3509 577 3589 parabat.
629 3505 697 3570 Sed
726 3523 803 3568 cum
825 3504 971 3569 reditum
998 3505 1080 3569 bea·

129 3605 253 3669 tissimi
264 3604 432 3671 Germani
448 3627 470 3670 a
484 3606 657 3671 Ravenna
678 3606 878 3682 sustineret,
894 3605 953 3688 qui
975 3624 1013 3668 se
1036 3606 1080 3668 ad

129 3705 380 3771 dedicationem
403 3715 588 3771 venturum
619 3706 842 3789 praedixerat,
872 3705 1019 3787 contigit
1041 3712 1081 3768 ut

167 3918 173 3949 ¹
188 3922 354 3985 Passeratius]
371 3921 434 3970 'liris
450 3926 558 3971 account
568 3921 598 3970 ot
619 3922 687 3983 nius,
698 3922 749 3972 this
759 3937 814 3971 was
826 3923 946 3983 Faustus,
956 3922 1015 3972 who
1026 3937 1081 3971 was

127 3992 170 4041 the
181 3993 306 4055 marriage
317 3991 346 4040 of
354 3992 521 4053 Wyrtgeorne
531 3993 594 4041 with
619 3992 736 4054 baptized
753 3993 803 4041 and
822 3992 947 4041 educated
966 3992 1000 4054 by
1016 3992 1081 4041 Ger-

127 4061 595 4124 thedaughterosHengestisabridg-
619 4076 718 4124 manua,
737 4063 787 4111 and
808 4063 911 4112 became
932 4061 1081 4110 afterwards

128 4133 161 4180 ed
178 4132 241 4180 from
259 4131 421 4193 Geotsreyos
435 4132 594 4193 Moumouth,
619 4132 829 4193 bishopofRiez.
866 4132 1010 4193 Nembts.

128 4203 163 4252 vi.
175 4215 232 4262 cap.
246 4206 285 4251 la.
653 4200 806 4251 ³ctronicir
816 4202 889 4265 suia]
903 4200 973 4250 Edit.
986 4200 1080 4249 Pistor.

164 4266 306 4340 'statuat
324 4272 469 4335 According
482 4277 506 4321 to
522 4273 592 4322 Nan·
619 4272 636 4321 i.
649 4275 706 4321 tlt.
