3000 5004
458 456 598 503 anonas
622 456 890 504 ursrournauu.
1085 442 1150 506 427

202 611 306 675 riensi
323 611 596 695 archiepiscopo,
613 606 773 676 ¹Siricius
790 611 969 688 successit,
984 611 1045 692 qui
1061 610 1150 675 Wil-

202 711 354 773 tonensis
384 712 512 792 praesul
544 719 650 775 antea
680 720 767 775 erat.
837 710 967 774 Eodem
999 718 1315 791 temporeommrwru

202 802 363 872 suborta²
395 817 448 873 est
482 810 654 872 discordia
691 811 782 873 inter
810 829 925 890 regem
957 805 1151 889 Anglorum
1165 779 1275 915 diffiid

205 906 425 971 Ethelredum
453 915 488 970 ct
509 907 699 971 Ricardum
721 908 842 970 ducem
860 906 1153 982 Normannorum,
1166 879 1261 918 mmm
1276 886 1297 925 γ’

204 1006 268 1069 hac
291 1005 333 1069 de
353 1024 481 1083 causa3
508 1005 645 1069 Habuit
668 1025 730 1069 rex
753 1005 959 1069 Ethelredus
983 1004 1153 1081 Emmam,

204 1104 310 1167 filiam
327 1105 485 1186 praedicti
501 1104 609 1178 ducis,
625 1104 691 1167 sibi
708 1103 926 1167 matrimonio
942 1103 1154 1184 copulatam,

205 1222 283 1283 quaa
306 1205 378 1284 regi
396 1204 483 1266 dnos
506 1202 595 1265 tilios
611 1196 805 1265 ³Alfrednm
828 1208 993 1283 genuerat
1010 1209 1046 1264 et
1061 1200 1154 1264 Ead-

205 1301 371 1366 wardnm.
423 1301 518 1364 Huic
542 1302 645 1364 uxori
670 1320 742 1364 suae
773 1319 834 1363 rex
865 1298 952 1363 adeo
974 1306 1155 1381 protervus

206 1407 292 1475 erat,
318 1406 357 1462 ut
382 1399 441 1463 vix
471 1420 547 1463 eam
577 1401 612 1462 in
641 1399 800 1462 cubiculo
826 1399 1006 1461 admittere
1032 1397 1156 1478 digna-

207 1505 313 1573 retur,
335 1497 396 1560 illa
419 1506 533 1561 autem
554 1498 616 1562 alti
638 1497 818 1577 sanguinis
843 1496 1008 1579 progenie
1028 1495 1156 1558 ducens

207 1595 374 1677 originem
407 1596 442 1657 in
476 1597 636 1660 maritum
670 1596 838 1671 tumebat,
869 1595 1065 1675 famamque
1091 1593 1158 1656 viri

208 1694 262 1756 sui
284 1694 374 1775 apnd
397 1701 530 1775 patrem
552 1714 652 1757 snum
674 1713 744 1757 non
767 1693 983 1758 mediocriter
998 1692 1158 1773 denigra-

209 1793 291 1869 bat;
320 1791 411 1855 unde
437 1791 527 1854 idem
549 1791 620 1856 dux
646 1812 881 1875 quoscumque
900 1791 1067 1866 homines,
1089 1791 1158 1854 cle·

210 1891 300 1953 ricos
325 1891 399 1954 siva
424 1890 543 1966 laicoS,
570 1890 613 1953 de
643 1912 751 1973 regno
779 1889 986 1972 Anglorum,
1013 1889 1072 1971 qui
1097 1909 1160 1970 per

210 1996 336 2052 terram
359 2008 458 2052 suam
481 1988 665 2052 transitum
686 1990 871 2065 faciebant,
887 1989 1038 2070 capiens,
1054 2006 1160 2067 quos-

211 2086 289 2150 dam
306 2087 478 2151 interfecit
495 2096 530 2151 et
547 2087 729 2151 nonnullos
746 2089 809 2152 snb
826 2086 990 2151 carcerali
1004 2084 1161 2148 custodia

211 2184 403 2268 deputarit.
457 2186 537 2251 Hoc
560 2205 698 2268 quoquo
720 2186 897 2250 dissidium
921 2204 999 2251 cum
1023 2203 1045 2246 a
1069 2201 1162 2264 papa

213 2283 236 2348 J
239 2285 374 2348 ohanne
405 2284 529 2348 fuisset
561 2291 786 2366 compertum,
816 2285 910 2348 misit
936 2286 973 2347 in
995 2281 1162 2362 Angliam

213 2383 376 2459 Leonem,
414 2382 662 2446 Treverensem
699 2383 910 2463 episcopum,
942 2382 1001 2464 qui
1022 2375 1161 2462 ⁴pacem

213 2480 347 2545 firmam
380 2481 471 2544 inter
499 2498 559 2543 eos
591 2480 791 2544 reformavit
823 2487 859 2543 et
894 2487 1053 2562 potentes
1086 2479 1162 2563 jam

213 2579 323 2644 dictos
344 2579 387 2642 ad
410 2579 579 2642 unitatem
600 2580 751 2642 reduxit.

477 2750 526 2813 De
543 2748 657 2814 tributo
675 2751 779 2815 Ducis
792 2749 900 2815 culmo.

264 2869 369 2934 Anno
395 2870 538 2934 Domini
570 2889 760 2936 nccccxcr.
793 2871 886 2935 Dani
913 2865 1287 2953 ‘Gipeswicumnnon

215 2967 466 3050 depraedantes,
481 2969 601 3033 ducem
619 2970 836 3034 orientalium
854 2969 1030 3033 Saxonum
1047 2970 1164 3034 Brith·
1178 2943 1295 2994 ”mm

216 3067 358 3130 nothum
382 3066 474 3149 apud
499 3067 698 3132 Meldonam
722 3069 989 3145 interemerunt3
1013 3087 1082 3149 quo
1104 3087 1166 3131 au·

215 3165 299 3243 dito,
317 3164 435 3229 datum
458 3174 512 3229 ost
534 3167 583 3229 eis
607 3168 786 3243 tributum,
801 3166 918 3230 decem
936 3165 1045 3228 millia
1061 3166 1165 3229 libra-

216 3283 303 3340 rum,
326 3285 388 3346 per
410 3265 591 3328 consilium
614 3265 738 3342 Siricii,
758 3265 1033 3327 Dorobernensis
1056 3263 1167 3327 archi-

216 3363 381 3445 episcopi,
404 3371 439 3427 et
461 3363 608 3426 aliorum
631 3363 796 3426 nobilium
820 3363 929 3443 regni,
946 3369 986 3425 ut
1003 3382 1025 3425 a
1039 3363 1167 3426 crebris

252 3574 392 3639 'Siriciaa,]
404 3574 487 3625 called
498 3576 553 3626 also
570 3576 679 3637 ‘Sigerb
739 3573 749 3604 ⁴
761 3576 850 3624 Pacem
854 3574 956 3639 fiunem
967 3575 1033 3624 inter
1042 3591 1081 3624 eor
1092 3577 1168 3635 refor-

217 3645 279 3694 cns’
294 3644 344 3693 and
360 3641 495 3702 ‘siricum'
511 3646 572 3694 Sex.
585 3644 678 3694 Chron.
704 3637 802 3711 munit]
819 3646 861 3693 An
880 3649 988 3692 account
1005 3645 1033 3693 of
1050 3644 1090 3692 his
1109 3646 1169 3692 mia-

218 3714 269 3761 Hia
285 3712 361 3761 death
380 3714 402 3760 ie
420 3713 487 3761 dxed
505 3713 593 3773 bytho
608 3713 679 3762 obit.
705 3714 769 3774 sion,
785 3714 835 3761 and
852 3713 894 3762 the
911 3714 985 3762 latter
1001 3713 1030 3761 of
1043 3712 1085 3760 the
1101 3728 1168 3774 pope

218 3780 340 3831 Cantnar.
350 3795 383 3829 on
394 3780 436 3829 tha
448 3782 508 3830 aad
520 3781 639 3831 October.
705 3782 789 3830 which
798 3783 830 3832 he
838 3783 899 3831 took
904 3782 967 3831 with
975 3783 1168 3846 hinaaragiven

251 3845 262 3878 ²
274 3849 379 3898 Stoma
390 3854 427 3898 ert
443 3849 586 3912 discordia]
607 3851 681 3898 Com·
706 3852 740 3911 by
752 3851 922 3914 Malmshury,
932 3852 946 3914 ἧ
958 3856 1015 3903 166.

216 3931 278 3980 pare
294 3918 358 3967 with
375 3919 544 3980 numam,
563 3934 607 3982 m·
624 3923 682 3981 2⁶8,
742 3985 752 4014 ὅ

217 4001 431 4119 “vilbrordum
449 4056 600 4106 afterwards
618 4062 684 4106 traa-
707 3989 959 4107 TheGahpdrsdmdihndtd
973 4002 1030 4106 'did
1043 3989 1171 4106 ddirsddlcid

217 4123 352 4186 cherousiy
363 4126 430 4175 alain
447 4127 480 4187 by
498 4128 551 4176 carl
563 4126 683 4177 Godwin.
709 4126 777 4174 Flor.
789 4125 840 4175 and
851 4127 893 4176 the
905 4127 966 4175 Sex.
978 4126 1110 4176 Chromin
1120 4125 1171 4173 thia

217 4194 265 4244 See
277 4194 389 4244 Willirm
402 4195 578 4258 otJunitger,
588 4212 615 4258 p.
626 4199 684 4245 631.
710 4210 779 4257 year.
815 4195 863 4245 See
880 4197 969 4258 abore,
980 4210 1007 4257 p.
1018 4198 1077 4257 428,
1086 4198 1141 4243 note
1152 4192 1171 4244 ⁴.
