3000 5004
348 431 414 495 170
601 443 736 491 uocaui
762 442 811 490 nn
833 440 1040 490 wrunovna

348 614 407 669 tus
423 604 585 681 vinnan
619 603 769 667 orationi
790 622 829 666 se
845 602 952 680 dedit,
972 601 1223 681 dexteramque
1243 617 1304 662 ca·

348 703 468 767 daveri
490 702 679 785 adponens,
699 702 745 765 ad
764 703 1010 784 corpusculum
1032 701 1184 765 animam
1200 717 1302 762 revo-

349 804 457 866 cavit.
508 801 693 865 Exclamat
717 802 841 864 mulier
867 809 1010 884 propter
1035 799 1214 884 gaudium,
1239 796 1302 861 sed

349 901 502 966 cohibita
518 908 572 965 est
586 902 632 964 ab
648 900 810 983 episcopo
825 907 866 964 ut
879 908 1022 965 taceret.

492 1072 542 1137 Do
556 1081 666 1137 „aaa
681 1071 886 1150 uiam
901 1068 1057 1137 aloem
1069 1068 1164 1155 noy.

190 1217 300 1259 num.
403 1196 506 1261 Anno
519 1197 642 1279 mum
657 1212 843 1260 ncnxxix.
853 1195 1031 1277 Egiridus,
1044 1213 1109 1258 rex
1124 1192 1306 1259 Nor-thau·

190 1267 336 1359 mam
351 1296 586 1372 humbrornm,
603 1305 639 1360 et
654 1315 717 1359 rex
730 1293 941 1359 Athelredus
959 1293 1181 1370 Marciorum,
1198 1293 1307 1376 juxta

352 1395 479 1460 ilumen
494 1395 625 1458 Trente
644 1395 849 1477 gravissime
866 1401 1122 1476 pugnaverunt,
1136 1393 1197 1457 ubi
1218 1386 1306 1456 ¹fra-

352 1503 407 1559 ter
430 1496 523 1577 regis
540 1495 677 1577 Egiridi
693 1492 889 1570 Ascwinns,
906 1493 1047 1576 juvenis
1065 1493 1204 1574 utrique
1222 1510 1305 1574 pro-

352 1595 476 1660 viuciae
498 1594 646 1658 multum
668 1593 838 1667 amabilis,
861 1599 1060 1675 peremptus
1082 1599 1147 1668 est,
1169 1610 1252 1654 nam
1268 1598 1307 1654 et

353 1712 506 1757 sororem
528 1693 617 1777 ejus,
645 1692 804 1757 Osricam
832 1692 983 1768 nomine,
1007 1689 1215 1755 athelredus
1240 1709 1307 1754 rex

355 1791 565 1855 Marciorum
587 1791 709 1855 habuit
733 1810 889 1856 uxorem.
941 1789 1030 1855 Cum
1057 1789 1186 1853 bellum
1213 1790 1307 1853 inter

354 1911 454 1972 reges
476 1890 641 1954 acerrime
663 1891 786 1954 fuisset
810 1910 993 1955 accensum
1016 1888 1220 1953 Theodorus
1242 1907 1306 1952 an-

355 1990 455 2053 tistes
469 1990 587 2053 divino
604 1990 712 2054 fultus
734 1989 868 2055 anxilio
890 1989 1087 2053 incendium
1104 1989 1305 2052 certaminis

355 2090 495 2170 penitus
522 2091 687 2167 extinxit,
708 2090 793 2154 data
814 2089 961 2172 pecunia
979 2087 1090 2152 multa
1110 2107 1175 2170 pro
1196 2094 1308 2152 morte

356 2187 474 2252 fratris
509 2191 584 2270 regi
617 2188 773 2271 Egirido.
827 2188 958 2252 Eodem
998 2195 1153 2269 tempore
1186 2180 1308 2268 'virgo

194 2296 480 2353 sauumsancta
507 2288 713 2352 Etheldrida
739 2307 785 2351 ex
816 2288 881 2352 hoc
903 2286 1022 2351 seculo
1044 2286 1218 2350 transiens
1242 2305 1306 2368 pro

357 2386 540 2469 temporali
558 2388 633 2452 vita
656 2386 883 2451 commutavit
906 2385 1127 2470 [aeteruam];
1148 2395 1226 2450 erat
1247 2404 1310 2449 au-

356 2495 427 2549 tem
442 2484 556 2549 Annae
573 2486 666 2565 regis
685 2484 904 2549 orientalium
918 2484 1113 2567 Auglorum
1126 2484 1210 2562 filia,
1229 2503 1309 2567 pro-

357 2584 408 2647 les
428 2591 528 2648 tauto
545 2590 645 2665 patre
664 2583 783 2665 digna,
798 2604 902 2666 quam
918 2585 1015 2668 prius
1031 2583 1181 2648 duxerat
1195 2577 1310 2649 'Tou-

356 2684 487 2757 bertus,
519 2682 723 2745 australium
750 2685 910 2766 princeps
933 2683 1146 2759 Giruiorum,
1176 2682 1237 2747 sed
1266 2703 1309 2747 eo

358 2780 532 2857 defuncto,
562 2781 663 2862 virgo
702 2782 902 2865 incorrupta
933 2783 1146 2864 permansit3
1186 2780 1310 2845 deinde

358 2880 432 2958 regi
458 2877 494 2942 N
496 2880 845 2944 orthanhumbrorum
877 2881 1023 2963 Egirido
1051 2881 1215 2963 copulata
1246 2899 1310 2963 pa·

359 2984 494 3041 rentum
527 2979 704 3056 violentia,
735 2988 853 3045 custos
886 2991 1014 3058 tamem
1041 2980 1176 3044 duobus
1198 2987 1311 3062 nupta

358 3077 455 3154 viris,
469 3078 701 3159 integerrimae
718 3079 929 3160 virginitatis
942 3079 1186 3162 perseveravit
1226 3078 1312 3143 Vir·

359 3177 516 3258 ginitatis
553 3179 645 3241 enim
680 3179 791 3262 ipsius
825 3178 880 3242 vir
914 3179 982 3243 Dei
1014 3176 1196 3243 Wilfridns
1234 3186 1313 3243 erat

361 3277 472 3352 testis,
495 3277 555 3358 qni
584 3278 690 3340 Bcdae
712 3277 902 3341 venerabili
932 3297 1036 3360 super
1066 3276 1131 3341 hac
1161 3297 1200 3341 re
1225 3279 1313 3342 acis·

360 3375 483 3438 citanti
504 3375 606 3453 dixit,
630 3375 837 3458 ‘Egiridum
860 3375 926 3439 sibi
945 3383 1057 3440 terras
1077 3383 1113 3439 et
1130 3378 1312 3460 pecuniam

360 3492 522 3554 magnam
551 3475 762 3556 promisisse,
788 3476 818 3539 si
846 3474 1058 3539 Etheldridae
1082 3476 1213 3558 reginae
1237 3497 1317 3559 per-

361 3572 506 3635 suadere
531 3581 651 3655 posset
681 3574 756 3657 ejus
787 3574 959 3638 connubio
988 3575 1181 3639 assentire!
1245 3575 1314 3640 Sed

398 3778 405 3807 ¹
425 3780 516 3828 Frater
531 3781 599 3840 rugit
616 3779 721 3842 Egiridi
731 3783 825 3832 Ascul-
849 3784 969 3846 Treut,in
981 3785 1167 3834 Stallordshire.
1192 3784 1317 3849 moden,

362 3848 825 3916 nuc.]HeiscalledbyBeda,§llti,
850 3855 869 3904 i.
881 3871 907 3917 p.
919 3858 977 3904 5³⁷.
1002 3853 1317 3917 oompmfledattlu.

363 3917 414 3965 and
442 3918 475 3977 by
507 3918 684 3981 Huntiugdon,
709 3921 825 3971 AElluini.
885 3921 1317 3988 ²Vtrgomctastlellrtua.]seo

362 3985 417 4036 'l'he
439 3987 501 4039 Sar.
521 3987 615 4038 Chron.
632 3990 683 4038 and
706 3990 826 4040 Floreuce
853 3993 934 4054 Beda,
945 3994 959 4056 §
971 3997 1028 4056 ³09,
1039 4009 1104 4057 seqq.

363 4070 438 4118 agree
450 4058 476 4105 in
487 4057 588 4121 placing
599 4059 641 4108 the
652 4061 730 4108 battle
739 4061 765 4108 iu
777 4062 827 4109 this
886 4060 897 4090 ³
909 4058 1065 4131 roubertum]
1095 4063 1138 4111 lle
1149 4061 1210 4111 died
1220 4063 1248 4111 in
1258 4067 1318 4127 655,

363 4142 446 4189 year3
474 4128 494 4175 it
517 4128 540 4177 is
562 4131 691 4191 supposed
714 4135 740 4179 to
763 4130 827 4180 have
852 4131 922 4181 three
944 4148 1019 4194 years
1040 4133 1105 4182 aiter
1123 4132 1164 4181 his
1181 4133 1317 4195 marriage.

363 4197 427 4247 been
455 4196 545 4261 fought
567 4203 594 4247 at
616 4199 705 4250 Ellord
728 4216 761 4250 ou
784 4199 826 4250 the
852 4201 940 4253 Thom.
953 4203 1005 4255 Eli.
1017 4202 1096 4266 Augl.
1105 4203 1177 4254 Sacr.
1188 4201 1207 4254 i.
1220 4217 1248 4266 p.
1260 4206 1319 4254 591.
