3000 5004
352 443 397 508 52
611 458 744 507 nocam
770 458 817 504 nn
840 456 1049 506 warnovne

356 613 490 679 Deinde
513 614 669 696 proditor
693 613 764 691 ille,
789 614 939 678 latenter
970 613 1124 695 elapsus,
1157 631 1179 676 a
1207 613 1305 677 curia

355 714 508 778 recessit.
559 714 628 777 Sed
658 713 740 777 dum
767 713 957 778 Wintoniae
990 714 1060 776 ista
1091 720 1306 793 gererentur,

355 812 612 877 Gillomannius
639 821 674 877 et
699 811 905 876 Pascentius
933 813 969 875 in
995 811 1159 876 Cambria
1183 819 1306 876 contra

357 912 470 976 Uther
491 911 630 975 fratrem
654 911 747 993 regis
770 931 922 994 pugnam
938 912 1103 975 acerrime
1124 911 1306 976 commise-

357 1019 449 1075 runt.
501 1010 569 1074 Sed
586 1010 723 1075 tandem
740 1011 888 1075 invaluit
907 1009 1030 1087 Uther,
1047 1016 1095 1085 et,
1115 1009 1305 1074 interfectis

358 1110 593 1174 Gillomannio
621 1117 727 1191 atque
758 1109 955 1186 Pascentio,
977 1109 1157 1173 victoriam
1185 1128 1306 1191 repor-

359 1211 457 1275 tavit.
504 1208 572 1273 His
593 1210 646 1272 ita
659 1210 779 1290 gestie,
792 1209 953 1291 apparuit
969 1208 1072 1273 stella
1087 1209 1185 1272 mirae
1206 1226 1306 1289 mag·

358 1309 525 1373 nitudinis
539 1316 575 1372 et
590 1309 771 1384 claritatis,
784 1327 854 1371 uno
871 1314 1008 1373 tantum
1022 1307 1118 1371 radio
1129 1314 1306 1385 contenta,

358 1409 402 1472 ad
427 1408 527 1492 cujus
552 1407 685 1472 radium
717 1415 793 1472 erat
820 1407 944 1488 globus
974 1407 1097 1487 igneus
1121 1406 1158 1469 in
1181 1405 1304 1470 simili-

359 1507 513 1571 tudinem
541 1506 701 1571 draconis
724 1514 902 1584 extensus,
922 1513 957 1570 et
982 1525 1026 1570 ex
1053 1525 1112 1569 ore
1136 1505 1213 1589 ejus
1235 1504 1305 1568 duo

359 1607 448 1670 radii
476 1606 720 1688 procedebant,
749 1625 895 1688 quorum
928 1625 1018 1668 unus
1052 1605 1303 1686 longitudinem

358 1726 455 1770 suam
485 1704 579 1769 ultra
609 1704 795 1769 Gallicana
822 1705 963 1769 climata
991 1703 1179 1768 extendere
1208 1704 1305 1769 vide·

358 1806 474 1881 batur,
499 1804 588 1869 alter
606 1824 689 1869 vero
708 1824 830 1868 versus
854 1823 949 1868 mare
975 1802 1204 1867 Hibernicum
1226 1823 1305 1868 ver·

358 1924 456 1985 gens,
483 1903 518 1967 in
546 1912 677 1987 septem
709 1904 825 1968 radios
860 1904 1010 1968 minores
1043 1902 1305 1968 terminabatur.

360 2003 440 2068 Hoc
462 2002 574 2068 sidere
589 2005 676 2080 viso,
691 2003 815 2080 Uther,
838 2003 943 2066 nimio
959 2009 1090 2068 terrore
1108 2021 1305 2085 percussus,

358 2104 533 2186 sapientes
556 2123 637 2167 suos
663 2103 886 2179 sollicitabat,
911 2110 963 2179 ut,
989 2101 1073 2185 quid
1095 2101 1198 2166 stella
1222 2121 1304 2184 por·

358 2203 526 2280 tenderet,
548 2203 761 2280 indicarent3
785 2203 845 2284 qui
868 2202 1115 2284 respondentes
1129 2201 1305 2278 dixerunt,

357 2302 432 2366 ‘Te
455 2302 593 2386 quidem
624 2302 719 2365 sidus
746 2308 781 2365 et
809 2301 931 2382 igneus
961 2300 1066 2365 draco
1093 2302 1158 2364 sub
1192 2301 1304 2367 sidere

357 2401 554 2483 significat3
578 2401 696 2465 radius
712 2408 840 2478 autem,
862 2401 922 2482 qui
939 2419 1060 2465 versus
1085 2399 1304 2466 Gallicanam

356 2501 497 2582 plagam
522 2500 721 2582 porrigitur,
740 2499 917 2581 portendit
938 2499 1045 2562 lilium
1062 2500 1125 2565 tibi
1149 2498 1304 2564 futurum

356 2600 646 2680 potentissimum,
675 2599 735 2680 qui
762 2599 912 2681 plurima
943 2618 1063 2682 regna,
1094 2617 1173 2681 quae
1207 2598 1304 2663 sidus

355 2698 522 2779 contegit,
539 2697 749 2780 possidebit3
773 2697 862 2762 alter
878 2717 961 2762 vero
985 2696 1103 2762 radius
1122 2697 1229 2763 liliam
1250 2699 1304 2763 in·

356 2797 444 2874 nuit,
458 2797 558 2881 cujus
576 2797 637 2861 lilii
650 2804 685 2861 et
700 2804 843 2879 nepotes
860 2816 1004 2878 regnum
1021 2796 1212 2861 Britanniae
1226 2818 1305 2862 suc·

354 2895 515 2961 cedenter
537 2896 722 2961 habebunt.
776 2895 919 2960 Festina
943 2915 1038 2976 ergo,
1061 2896 1134 2960 dux
1161 2897 1303 2961 nobilis·

354 2996 452 3074 sime,
475 2995 624 3076 sestina3
643 2995 826 3060 defunctus
848 3002 902 3058 est
921 2995 979 3059 ille
1001 2994 1110 3059 irater
1131 3004 1224 3074 tuus,
1240 3016 1301 3061 rex

356 3096 537 3160 Britonum
553 3095 705 3179 inclytus
722 3092 885 3159 Aurelius
905 3091 1121 3173 Ambrosius,
1138 3115 1216 3160 cum
1234 3117 1303 3180 quo

353 3315 463 3371 mora,
488 3301 657 3359 venerunt
686 3294 799 3358 nuntii
828 3313 947 3359 casum
977 3295 1070 3376 regis
1098 3295 1303 3373 indicantes,

352 3402 388 3459 et
419 3396 533 3478 ipsum
556 3395 633 3478 jam
661 3396 706 3458 ab
734 3393 904 3476 episcopis
930 3400 966 3456 et
991 3394 1174 3458 abbatibus
1206 3396 1304 3476 regni

352 3495 448 3576 regio
474 3513 569 3557 more
594 3495 766 3576 sepultum
797 3491 887 3557 inira
907 3492 1079 3557 Choream
1109 3494 1304 3577 gigantum,

350 3613 455 3676 quam
471 3595 547 3675 ipse
564 3593 637 3656 lieri
653 3593 849 3675 imperavit.

542 3765 592 3827 Do
608 3764 799 3828 emanatione
820 3765 1101 3851 Utlerpeodrapoo.

186 3904 299 3945 anos
401 3886 505 3950 Anno
528 3887 652 3969 gratiae
674 3905 895 3954 ccccxcvur.
915 3884 1138 3955 ¹Anastasius
1154 3889 1245 3955 sedit
1266 3891 1301 3957 in

349 3987 514 4051 cathedra
538 3987 699 4050 Romana
725 4006 816 4052 anno
846 4009 915 4053 uno
939 3990 1114 4054 mensibus
1139 3990 1298 4054 undecim

525 4230 531 4260 ¹
544 4232 712 4296 Anastasius]
731 4232 773 4281 He
784 4233 843 4282 died
857 4237 887 4282 17
901 4233 1045 4284 November
1055 4237 1115 4285 498.
