3000 5004
479 458 617 506 amans
642 457 911 508 ursronmauu.
1106 443 1174 509 337

216 610 389 676 facundiae
415 615 623 696 singularis3
652 616 720 692 bic,
741 616 870 679 dudum
895 617 1015 680 relicta
1041 619 1167 699 patria,
1181 633 1290 722 gamunu

217 710 261 773 ad
286 720 404 795 partes
422 712 623 779 Gallicanas
646 715 819 779 transiens
835 714 999 779 Carolum
1019 716 1166 782 Calvum
1196 689 1263 724 ω

216 809 313 887 adiit,
330 818 436 894 atque
460 814 496 877 in
519 833 646 896 magna
669 816 714 878 ab
734 834 775 879 eo
799 815 1000 896 dignatione
1023 835 1165 899 suscep·

217 915 285 985 tus,
299 909 499 976 individuus
521 931 635 977 comes
652 914 683 977 ei
700 913 814 977 luerat
830 921 865 976 et
878 933 1008 978 mensae
1020 922 1056 978 et
1070 917 1165 979 cubi-

216 1007 297 1073 culi.
349 1008 469 1094 Hnjus
493 1020 610 1076 autem
631 1012 761 1093 ingenii
783 1020 819 1075 et
843 1013 997 1078 scientiae
1028 1017 1162 1096 magni·

216 1107 300 1172 tudo
327 1126 368 1172 ac
397 1109 524 1193 leporis
548 1112 709 1193 exempla
736 1130 845 1193 usque
872 1111 972 1175 hodie
998 1122 1161 1192 manent;

214 1205 397 1271 adsederat
425 1228 575 1292 namque
605 1211 649 1274 ad
679 1229 833 1274 mensam
863 1217 944 1273 ante
973 1231 1088 1292 regem
1116 1233 1161 1276 ex

213 1307 372 1387 opposito
387 1307 442 1371 die
457 1310 619 1391 quadam,
635 1310 705 1386 ubi,
720 1309 933 1391 consumptis
948 1308 1086 1374 ferculis
1102 1331 1161 1393 po-

212 1404 367 1488 culisque
394 1406 676 1485 discurrentibus,
702 1407 849 1472 Carolus
878 1406 991 1472 fronte
1020 1409 1162 1474 hilarior

212 1510 266 1567 est
289 1504 443 1572 effectus.
489 1508 569 1571 Rex
598 1507 745 1591 denique
768 1527 846 1570 cum
873 1507 1077 1588 magistrum
1094 1507 1117 1572 J
1120 1530 1159 1573 0-

211 1600 359 1667 hannem
374 1605 516 1670 vidisset
530 1607 692 1689 quiddam
707 1607 833 1688 egisse,
849 1606 941 1688 quod
961 1608 1159 1671 comitatem

212 1698 430 1767 Gallicanam
455 1705 625 1771 offendere
647 1706 833 1782 videretur,
862 1706 1055 1789 increpavit
1080 1726 1158 1770 enm

210 1801 297 1865 satis
321 1804 451 1867 urbane
472 1805 602 1883 dicens,
616 1804 659 1869 ‘J
663 1805 829 1881 ohannes,
846 1804 929 1886 quid
945 1804 1053 1869 distat
1067 1805 1160 1870 inter

210 1897 352 1993 Scotum
367 1911 403 1967 et
418 1911 532 1967 sotum
542 1905 570 1968 l'
622 1904 688 1968 Ille
710 1903 898 1986 respondit,
914 1911 949 1966 et
965 1904 1054 1967 dixit
1071 1906 1157 1986 regi,

208 1998 359 2064 ‘Mensa
383 2009 518 2066 tanturn
533 2004 554 2082 ;'
575 2004 694 2086 sicque
718 2002 884 2083 magister
897 2000 920 2065 J
923 2002 1077 2066 ohannes
1103 2022 1159 2068 so·

208 2095 310 2162 lenna
329 2102 518 2166 convitium
543 2103 661 2167 retulit
677 2103 713 2165 in
736 2108 923 2165 auctorem.
976 2099 1071 2179 Quid
1094 2101 1159 2166 hoc

210 2216 377 2280 responso
404 2200 576 2266 facetius?
629 2202 914 2279 interrogaverat
937 2219 1085 2282 namque
1115 2201 1158 2264 de

209 2314 343 2362 morum
370 2299 539 2365 differenti
562 2300 677 2365 studio
706 2308 741 2364 et
772 2298 950 2381 respondit
976 2297 999 2362 J
1003 2299 1156 2363 ohannes

208 2394 252 2459 de
279 2397 347 2463 loci
383 2399 534 2464 distante
569 2399 708 2483 spatio;
741 2418 804 2462 nec
830 2417 912 2462 vero
944 2418 1007 2462 rex
1041 2400 1156 2463 verbis

208 2494 286 2578 ejus
310 2507 500 2563 commotus
527 2508 593 2576 est,
616 2499 677 2563 sed
702 2499 817 2581 potius
843 2498 968 2579 ipsum,
993 2518 1069 2561 cum
1095 2498 1158 2561 ad·

208 2598 400 2661 sessoribus
415 2599 499 2676 suis,
518 2599 704 2664 commovit
728 2597 773 2661 ad
795 2596 1012 2662 cachinnum.
1066 2596 1158 2665 Item

208 2693 278 2758 alia
298 2697 387 2773 vice,
412 2717 491 2761 cum
514 2699 587 2780 regi
613 2697 812 2762 convivanti
838 2696 995 2760 minister
1016 2697 1155 2779 qnidam

208 2795 363 2875 patinam
376 2797 571 2874 obtulisset,
589 2817 667 2880 quae
685 2797 772 2861 duos
792 2796 903 2878 pisces
922 2796 1155 2878 praegrandes

208 2892 344 2977 adjecto
362 2896 554 2961 minusculo
570 2917 653 2972 nno,
667 2895 879 2970 continebat,
894 2894 988 2958 dedit
1000 2894 1059 2956 ille
1083 2913 1156 2956 ma-

207 2992 318 3073 gistro
339 2992 362 3057 J
365 2995 505 3073 chaum,
528 3003 567 3059 ut
595 2995 730 3059 dnobus
759 2994 892 3058 clericis
923 2993 968 3056 ad
1002 3011 1155 3056 mensam

207 3094 483 3159 recumbentibus
512 3095 733 3159 distribueret
762 3100 1024 3175 competenter;
1056 3100 1157 3156 eraut

207 3192 298 3255 enim
320 3194 431 3276 pisces
456 3195 631 3258 immensae
655 3190 905 3274 magnitudinis
929 3192 1057 3273 etipse
1083 3209 1153 3253 ma-

207 3289 316 3371 gister
342 3290 522 3357 «lohannes
551 3294 705 3376 corporis
735 3291 911 3374 perexilis.
962 3290 1063 3354 Tunc
1085 3290 1156 3366 ille,

206 3390 265 3472 qui
279 3409 415 3476 semper
426 3394 562 3458 bonesti
576 3392 706 3474 aliquid
725 3389 1048 3454 comminiscebatur
1065 3389 1156 3452 unde

205 3487 363 3554 laetitiam
403 3493 659 3558 convivantium
697 3489 878 3565 excitaret,
911 3489 1054 3552 retentis
1088 3488 1156 3553 sibi

205 3587 340 3653 duobus
361 3592 514 3673 piscibus
539 3591 741 3674 majoribus,
756 3608 863 3652 unum
878 3588 1045 3651 minorem
1068 3586 1155 3651 duo-

204 3686 269 3751 bus
305 3689 438 3755 clericis
473 3691 593 3768 dedit3
630 3696 797 3771 arguente
830 3706 912 3768 rege
952 3687 1157 3769 magistrum

203 3784 414 3867 iohannem,
441 3790 534 3873 quod
562 3809 631 3853 non
655 3808 753 3870 aeque
778 3788 889 3870 pisces
912 3786 1156 3863 distribuisset,

204 3889 394 3970 respondit,
423 3889 567 3966 ‘Bene’
599 3888 724 3970 inquit,
754 3893 813 3951 ‘et
842 3905 941 3967 aeque
973 3885 1156 3965 distribni3

203 4100 235 4150 ed
246 4100 302 4149 also
314 4099 443 4160 Erigeua3
459 4097 501 4146 the
516 4096 575 4145 date
586 4095 616 4144 ol
628 4094 668 4142 his
695 4093 865 4152 Malmsbury,
879 4091 925 4140 lib.
937 4105 963 4139 r.
979 4090 1012 4139 de
1031 4090 1160 4138 Pontifici·
1172 4145 1175 4151 ¹

202 4169 280 4219 death
301 4170 324 4218 is
345 4171 389 4216 not
411 4168 515 4217 known.
549 4164 603 4214 The
623 4164 670 4213 lol-
695 4164 752 4212 bus.
799 4161 847 4210 See
869 4161 912 4211 Jn.
929 4160 997 4209 Scot.
1019 4158 1052 4207 de
1074 4159 1158 4210 Diris.

201 4240 297 4301 leving
321 4241 429 4287 account
457 4239 480 4286 is
507 4235 584 4284 taken
608 4234 669 4283 from
698 4227 1133 4290 Nat.ed.Gele‚incelc.Praelat.

255 4329 333 4377 VOL.
353 4328 379 4377 1.
988 4320 1007 4365 z
