3000 5004
324 450 390 514 500
579 466 714 514 nocam
739 468 786 514 oa
809 467 1017 516 wuuoovun

190 637 281 687 mol·
326 624 528 704 efferentes3
551 632 586 689 et
601 627 632 689 si
649 626 837 708 loquantur
855 632 968 688 tecum
985 622 1071 687 nulli
1089 623 1278 704 responde-

327 725 393 801 bis,
416 743 496 788 uam
519 725 682 807 quicquid
707 725 750 788 ad
770 725 928 788 laetitiam
950 724 1101 806 pertinet
1116 722 1173 786 vel
1198 723 1280 784 tris·

329 823 441 887 titiam
473 824 508 886 in
543 824 680 887 illorum
713 824 869 888 vultibus
901 830 937 886 et
968 823 1103 885 actibus
1136 820 1282 884 incunc-

328 928 444 986 tanter
476 922 620 987 videbis.
687 922 858 1006 Sequetur
891 920 986 985 illam
1022 920 1282 984 multitudinem

326 1021 480 1103 quidam,
507 1022 648 1103 reliquis
681 1028 818 1085 statura
847 1019 1029 1084 formosior
1061 1026 1097 1083 et
1136 1038 1281 1100 corpore

328 1121 450 1204 major,
477 1120 513 1184 in
541 1140 644 1184 curru
672 1120 807 1196 sedens,
837 1120 893 1183 cui
926 1118 1108 1202 epistolam
1138 1119 1281 1182 tradens

329 1221 457 1284 tacitus
496 1219 539 1282 ad
576 1219 770 1301 legendum,
799 1219 964 1281 continuo
999 1216 1091 1299 quod
1126 1217 1282 1281 volueris

329 1318 401 1395 fiet,
426 1319 456 1381 si
485 1325 685 1382 constanter
710 1317 948 1382 tantummodo
979 1317 1282 1399 perseveraveris?

330 1416 543 1481 Adolescens
566 1418 673 1499 igitur
695 1417 781 1480 satis
806 1417 960 1480 animose
977 1434 1193 1497 quaecunque
1214 1416 1281 1479 sibi

330 1517 461 1581 indicta
486 1516 622 1581 firerant
645 1516 858 1597 aggreditur,
885 1521 932 1591 et,
959 1521 1057 1577 stans
1085 1513 1281 1596 intrepidus

331 1616 374 1678 ad
410 1617 610 1698 compitum,
642 1615 811 1679 dictorum
847 1614 1039 1698 presbyteri
1068 1613 1146 1677 visu
1179 1613 1283 1677 fidem

331 1714 511 1796 explorat;
538 1715 629 1778 inter
646 1721 790 1778 caeteros
815 1721 931 1776 autem
953 1719 1174 1776 transeuntes
1194 1713 1283 1776 vidit

331 1813 507 1875 mulierem
538 1820 660 1876 ornatu
692 1813 897 1888 meretricio,
924 1811 1054 1875 mulam
1082 1812 1282 1893 inequitan-

332 1918 414 1988 tem,
437 1911 588 1975 crinibus
610 1912 734 1975 solutis
756 1911 916 1975 humeros
936 1910 1122 1987 velantem,
1148 1910 1185 1972 in
1208 1930 1284 1974 ma·

330 2012 431 2075 nibus
453 2010 587 2092 virgam
613 2012 753 2074 tenebat
775 2029 927 2085 auream,
949 2028 1020 2092 qua
1047 2009 1282 2090 equitaturam

332 2112 486 2191 regebat,
503 2129 676 2193 quae,prae
687 2109 834 2174 vestium
850 2108 1043 2173 subtilitate
1057 2127 1158 2190 paene
1176 2108 1283 2185 nuda,

330 2216 449 2291 gestus
464 2210 619 2273 exercuit
639 2209 841 2291 impudicos.
894 2206 988 2286 Quid
1006 2207 1131 2290 plural
1188 2207 1281 2272 Ulti-

330 2320 409 2371 mus
420 2309 490 2386 ille,
506 2309 566 2390 qui
580 2308 739 2371 dominus
754 2307 947 2382 videbatur,
969 2307 1087 2370 oculos
1109 2306 1283 2370 terribiles

332 2408 368 2470 in
389 2407 555 2490 juvenem
581 2414 795 2489 retorquens,
823 2426 845 2470 a
871 2407 1020 2488 superbo
1048 2424 1116 2468 axe
1144 2425 1281 2483 currus,

332 2507 524 2588 smaragdis
539 2513 574 2569 et
591 2506 776 2570 unionibus
796 2505 1001 2587 composito,
1018 2504 1189 2568 adventus
1204 2505 1283 2589 ejus

331 2623 455 2666 causas
476 2605 638 2685 exquirit,
656 2614 693 2668 at
711 2605 850 2689 juvenis
870 2604 956 2667 nihil
974 2603 1184 2685 respondens
1201 2624 1283 2687 pro-

332 2708 432 2764 tensa
462 2720 567 2764 manu
598 2702 780 2785 epistolam
811 2704 994 2786 porrexit3
1028 2702 1166 2765 daemon
1197 2723 1282 2767 vcro

332 2807 452 2862 notum
475 2799 627 2881 sigillum
655 2821 723 2864 non
752 2820 857 2865 ausus
882 2809 936 2866 est
961 2809 1193 2878 contemnere,
1218 2802 1281 2866 sed

331 2898 423 2962 illico
440 2900 606 2981 scriptum
624 2899 757 2979 relegit,
776 2906 810 2963 et
828 2920 921 2975 mox,
939 2899 1088 2963 brachiis
1103 2900 1140 2962 in
1157 2901 1282 2965 caelum

332 2999 508 3080 expausis,
524 2999 586 3074 ait,
601 2999 878 3080 ‘DeuS,'inquit,
890 3004 900 3034 ‘
911 2999 1141 3080 omnipotens¹
1157 3019 1282 3081 quam-

330 3095 390 3159 diu
408 3096 568 3161 Palumbi
581 3098 773 3180 presbyteri
791 3098 963 3179 nequitias
981 3098 1124 3180 patieris
1133 3096 1159 3161 l'
1203 3098 1239 3163 N
1241 3119 1281 3162 ec

331 3214 439 3273 mora,
453 3196 620 3260 satellites
639 3215 660 3259 a
675 3197 784 3259 latere
799 3217 862 3260 suo
878 3197 983 3272 misit,
1001 3198 1061 3278 qui
1077 3197 1243 3260 annulum
1259 3217 1282 3264 a

331 3293 469 3358 Venere
478 3302 744 3378 extorquerent3
760 3296 818 3359 sed
833 3296 895 3359 illa
905 3296 964 3359 diu
979 3297 1209 3378 tergiversata
1219 3298 1283 3360 vix

330 3394 468 3457 tandem
483 3394 648 3457 annulum
660 3395 860 3475 resignavit.
897 3393 1024 3477 Itaque
1035 3395 1189 3478 juvenis,
1205 3397 1280 3460 voti

330 3510 471 3574 compos
488 3491 641 3568 effectus,
657 3495 731 3557 sine
751 3493 930 3557 obstaculo
953 3493 1085 3574 potitus
1109 3500 1163 3556 est
1187 3513 1283 3558 amo-

330 3591 424 3655 ribus
453 3590 573 3655 uxoris
603 3592 733 3656 diutius
759 3593 970 3675 suspiratis;
1005 3592 1066 3656 sad
1089 3591 1282 3658 Palumbus

329 3692 521 3772 presbyter,
535 3691 595 3753 ubi
610 3691 775 3754 daemonis
792 3691 951 3773 querelas
969 3691 1012 3755 ad
1032 3693 1221 3757 Dominum
1238 3694 1282 3757 de

330 3806 368 3851 se
391 3788 525 3852 audivit
546 3790 780 3867 transmissas,
800 3791 901 3855 linem
925 3790 1056 3855 dierum
1081 3793 1147 3854 sibi
1170 3792 1282 3855 immi-

330 3905 412 3949 nere
435 3888 611 3967 cognovit,
637 3890 811 3970 quocirca,
838 3891 996 3954 omnibus
1020 3891 1181 3954 membris
1207 3891 1281 3954 suis

330 3985 442 4049 cultro
476 3987 656 4063 truncatis,
687 3988 834 4051 mirabili
863 3989 1070 4070 poenitentia
1095 3989 1282 4052 defunctus

329 4092 395 4161 est,
413 4085 590 4150 confessus
616 4104 716 4167 papae
738 4105 854 4151 coram
878 4087 1007 4172 populo
1026 4087 1160 4169 flagitia
1180 4088 1282 4153 inau-

329 4183 413 4248 dita.
