3000 5004
464 462 602 511 seorsus
626 463 896 513 mercurinus.
1088 446 1154 511 439

204 634 358 694 nensem,
370 618 672 698 Bedefordensem,
685 620 1061 702 Bukingehamsnsem,
1077 619 1153 683 Ox-

203 716 378 780 oniensem
394 718 660 802 depopulatione
677 723 803 785 misera
820 720 1064 784 contriverunt.

314 903 364 966 De
371 904 516 988 possim
527 907 629 971 sancti
643 907 762 993 Alfepi,
778 907 1001 992 orchtbpisoopi
1013 916 1041 970 et

591 1007 752 1089 martyris.

252 1124 357 1190 Anno
383 1126 524 1191 Domini
548 1145 632 1192 uxr.
650 1149 729 1192 cum
751 1129 928 1213 jamdicti
955 1128 1150 1210 iniquitatis
1161 1155 1216 1196 nn.
1228 1157 1284 1196 ron.

202 1226 352 1289 ministri
371 1228 607 1309 praescriptam
624 1227 925 1310 depopulationem
946 1226 1149 1309 complevis-
1160 1206 1312 1305 &law

202 1332 293 1401 sent,
311 1317 554 1390 ¹Cantuariam
585 1326 764 1391 obsidione
791 1326 1028 1405 vallaverunt3
1060 1325 1152 1389 vice·

203 1423 291 1487 simo
316 1431 433 1487 autem
457 1425 645 1489 obsidionis
672 1426 739 1502 die,
762 1447 825 1508 per
847 1425 990 1489 insidias
1004 1422 1151 1500 Almari,

201 1522 358 1605 ejusdem
389 1524 577 1605 provinciae
610 1524 854 1602 archidiaconi,
882 1544 986 1606 quem
1019 1523 1151 1587 archie-

200 1621 364 1703 piscopus
395 1622 543 1704 Alfegus
581 1624 690 1704 prius,
729 1643 771 1687 ne
807 1625 911 1687 morti
945 1624 1151 1698 traderetur,

201 1719 388 1801 cripuerat,
411 1741 492 1803 pars
518 1721 671 1785 civitatis
695 1722 901 1799 incenditur,
926 1721 1049 1786 deinde
1076 1729 1150 1785 tota

203 1820 351 1900 capitur,
370 1818 525 1884 homines
547 1821 768 1903 jugulantur,
791 1821 851 1885 alii
873 1820 1020 1884 flammis
1045 1820 1150 1885 devo-

203 1926 336 1994 rantur,
364 1919 423 1982 alii
445 1919 489 1982 de
512 1919 619 1982 muris
646 1921 841 2002 praecipites
868 1921 1009 1998 dantur,
1033 1920 1150 2001 plures

202 2018 438 2099 perverenda
466 2019 624 2099 suspensi
650 2019 827 2095 deficiunt,
857 2020 994 2101 parvuli
1022 2038 1044 2081 a
1075 2038 1149 2081 ma·

203 2117 311 2179 ternis
328 2117 490 2181 uberibus
509 2118 633 2195 avulsi,
650 2125 712 2181 aut
729 2119 860 2182 lanceis
882 2118 918 2180 in
945 2117 1053 2181 altum
1070 2136 1150 2197 pro-

197 2214 284 2298 jecti
298 2216 531 2298 excipiuntur,
547 2225 609 2280 aut
626 2217 756 2280 minute
777 2219 812 2280 in
831 2216 942 2280 frusta
964 2214 1150 2279 concidun-

203 2321 272 2391 tur,
304 2322 471 2378 motronae
511 2335 572 2397 per
610 2316 745 2397 plateas
775 2316 932 2379 cruribus
962 2315 1149 2390 distractae,

201 2413 339 2477 demum
360 2415 500 2496 ignibus
525 2415 674 2498 injectae,
696 2415 901 2478 moriuntur.
955 2414 1052 2478 Inter
1074 2414 1149 2476 haec

203 2512 351 2594 Alsegus
379 2514 531 2578 civitatis
556 2515 833 2596 archiepiscopus
865 2513 1012 2596 capitur,
1042 2513 1149 2576 vinci-

203 2618 273 2687 tur,
296 2611 457 2687 trahitur‚
477 2620 513 2676 et
535 2614 641 2677 variis
665 2615 843 2696 suppliciis
864 2612 1058 2691 cruciatur;
1088 2611 1150 2676 Al-

203 2729 330 2787 marus,
346 2712 453 2775 abbas
468 2713 580 2776 sancti
598 2711 799 2795 Augustini,
813 2714 908 2777 abire
925 2713 1146 2795 permittitur.

203 2806 1149 2895 Godwinus,Roffensisepiscopus,²etLeofronasanc·

203 2917 249 2972 tes
270 2908 450 2973 Mildredae
472 2910 661 2989 abbatissa,
677 2931 755 2975 cum
774 2911 951 2975 monachis
970 2911 1151 2990 utriusque

202 3027 310 3071 sexus
325 3009 428 3072 turba
439 3010 620 3073 innumera
635 3011 840 3092 capiuntur;
864 3010 989 3073 exinde
1004 3008 1152 3072 ccclesia

204 3106 336 3171 Christi
358 3108 509 3189 spoliata
532 3110 755 3185 comburitur,
781 3128 868 3189 mex
892 3105 1151 3183 monachorum,

204 3205 307 3269 turba
329 3207 481 3271 virorum
506 3216 541 3271 et
566 3207 747 3271 mulierum
768 3226 902 3271 necnon
928 3205 1151 3288 parvulorum

203 3304 406 3382 decimatur,
428 3325 552 3369 novem
574 3307 802 3382 trucidantur,
818 3306 901 3370 vitae
923 3304 1075 3368 decimus
1097 3323 1151 3366 re-

203 3411 375 3481 servatur,
399 3412 548 3486 quatuor
573 3405 750 3470 monachis
776 3413 812 3468 et
836 3405 920 3468 viris
944 3403 1153 3485 octingentis

202 3502 449 3567 decimator-um
473 3523 607 3567 summa
629 3504 829 3586 completur.
883 3502 1019 3585 Populo
1035 3504 1153 3583 itaque

203 3620 308 3678 caeso,
333 3604 417 3666 urbe
446 3603 597 3684 spoliata
622 3611 657 3667 et
680 3610 756 3667 tota
784 3608 1014 3678 concremata,
1041 3600 1153 3665 archi·

204 3701 331 3784 praesul
364 3701 512 3784 Alfegus
544 3704 681 3769 vinctus
713 3703 920 3780 extrahitur,
952 3701 1154 3784 impellitur,

241 3941 250 3975 ¹
263 3946 423 3995 Contrarium
433 3945 555 3995 obsidione
566 3948 669 3998 wdone·
696 3949 726 3998 οἱ
732 3949 774 3999 the
786 3950 903 4011 Nativity
914 3949 944 3998 ol
951 3949 993 3998 the
1004 3949 1095 4010 Virgin
1105 3947 1156 3996 und

204 4015 284 4079 runt]
301 4016 432 4077 Florenee,
448 4015 510 4064 from
527 4017 610 4065 whom
627 4018 669 4066 the
695 4020 721 4068 S.
731 4019 853 4080 Michael,
863 4020 961 4079 Septa
972 4019 1023 4066 oud
1033 4021 1075 4066 20.

205 4090 312 4134 account
318 4085 448 4147 following
455 4087 669 4147 appearstohave
730 4086 740 4115 ²
754 4090 786 4137 Et
797 4089 915 4148 Leersrono
923 4088 953 4150 ‚·]
973 4088 1092 4136 Floreuca
1103 4085 1158 4133 also

206 4154 269 4203 been
281 4154 368 4217 taken,
379 4169 438 4217 says
449 4155 669 4217 thatCauterbury
695 4157 769 4219 adds,
786 4157 933 4218 ‘Allredua
950 4156 1018 4217 regis
1035 4154 1159 4217 proposi·

206 4238 262 4273 was
275 4224 396 4287 besieged
412 4225 526 4274 between
537 4225 579 4275 the
591 4225 669 4277 leasts
694 4227 755 4276 tus!
