3000 5004
464 499 605 548 neonus
628 497 897 546 ursrominuu.
1083 483 1149 547 461

202 678 341 722 manum
355 657 377 737 3’
402 664 438 720 et
461 676 556 734 mox,
577 676 620 719 ne
640 655 810 720 tumultus
836 655 934 719 fieret
955 657 990 719 in
1012 657 1155 740 populo,

203 759 328 822 ibidem
350 756 507 821 saucibus
533 755 723 819 suffocatus
749 755 846 819 etin
866 755 1063 819 Thamesim
1091 757 1156 820 flu·

203 877 283 922 men
306 877 368 940 per
390 856 577 920 fenestram
600 854 839 937 praecipitatus
862 856 1067 936 proditionis
1083 875 1157 920 suae

205 958 320 1022 subire
335 957 461 1019 meruit
479 954 655 1018 talionem.
699 954 754 1018 De
771 963 881 1018 morte
899 955 1036 1036 quidem
1054 955 1157 1039 hujus

206 1056 393 1138 proditoris
414 1049 490 1117 ¹alii
515 1054 616 1118 aliter
645 1054 835 1117 scribentes
864 1052 1039 1130 dixerunt,
1065 1055 1157 1136 quod

207 1155 288 1220 dolo
310 1155 420 1237 ipsius
442 1153 624 1217 interfecto
647 1172 729 1233 rege
746 1151 962 1228 Eadmundo,
985 1154 1044 1216 ille
1062 1155 1159 1218 veni·

200 1273 269 1319 eus
297 1254 342 1318 ad
363 1252 558 1317 Cnutouem
584 1251 752 1316 salutavit
776 1271 867 1327 eum,
888 1251 1016 1327 dicem,
1042 1251 1158 1329 ‘Ave,

209 1372 271 1418 rex
291 1350 409 1417 solus?
460 1351 617 1434 Cumque
640 1351 684 1415 ad
705 1351 1014 1432 interrogationem
1030 1351 1159 1416 Cnuto

209 1453 276 1529 uiS‚
292 1472 400 1534 quare
422 1453 471 1515 sic
494 1471 571 1515 eum
595 1451 796 1527 salutasset,
812 1458 848 1513 et
871 1470 942 1513 rem
965 1459 1098 1532 gestam
1117 1453 1159 1516 de

209 1560 321 1616 morte
338 1551 533 1616 Eadmundi
553 1550 775 1626 denudasset,
790 1550 968 1632 respondit
984 1551 1015 1614 ei
1031 1552 1161 1628 dicens,

209 1651 308 1734 ‘Ego
324 1659 358 1715 te
372 1651 486 1728 hodie,
496 1651 540 1713 ob
557 1650 647 1713 tanti
663 1650 825 1712 meritum
840 1651 1009 1731 obsequii,
1018 1651 1160 1714 reddam

210 1751 344 1815 cunctis
360 1750 459 1832 regui
472 1750 672 1833 proceribus
687 1749 890 1813 celsiorem)
941 1749 965 1813 J
968 1751 1057 1814 ussit
1079 1771 1161 1832 ergo

210 1869 290 1914 eum
306 1849 421 1914 Cnuto
444 1849 649 1931 excapitari,
672 1855 707 1912 et
730 1857 836 1931 caput
855 1848 890 1911 iu
913 1849 1031 1931 stipite
1054 1850 1161 1913 fixum

210 1968 316 2032 super
340 1957 469 2013 turrem
488 1948 746 2012 Londoniarum
772 1948 895 2011 avibus
921 1951 1073 2030 exponi3
1100 1949 1161 2012 sed

212 2049 287 2113 sive
314 2049 376 2127 sic,
406 2049 481 2112 sive
506 2047 620 2123 aliter,
635 2048 744 2111 vitam
765 2047 892 2110 finierit
919 2047 1074 2130 proditor
1092 2049 1162 2125 ilie,

213 2168 282 2212 uon
312 2149 457 2212 multum
486 2147 531 2209 ad
558 2167 629 2210 rem
655 2146 816 2228 pertinet,
836 2146 919 2227 qnia
944 2146 1009 2210 hoc
1035 2146 1164 2229 liquide

210 2255 363 2325 constat,
374 2246 465 2330 quod
477 2247 547 2323 ille,
559 2246 620 2328 qui
634 2245 762 2308 multos
780 2245 976 2327 deceperat,
983 2245 1082 2328 justo
1098 2246 1164 2309 Dei

209 2346 341 2430 judicio
355 2346 612 2411 damnationem
627 2345 835 2425 condignam
851 2345 1008 2409 incurrit.

268 2560 357 2640 Quod
369 2580 423 2624 rea·
440 2560 538 2623 Uncto
552 2580 650 2624 omnes
662 2559 797 2723 demrcpio
809 2580 915 2646 pertore
929 2557 968 2624 ab
983 2559 1104 2646 nuptia

613 2681 684 2723 orceo
720 2660 765 2724 rit

268 2789 337 2854 His
359 2791 411 2854 ita
430 2791 550 2873 gestis,
566 2791 691 2854 statuit
707 2790 823 2857 Cuuto
846 2792 1140 2857 immutabiliter
1131 2809 1213 2856 ιιιΒ
1181 2807 1284 2897 affirm
1285 2810 1322 2895 eff

216 2890 331 2954 animo
348 2910 424 2967 suo,
439 2910 540 2954 omne
560 2910 669 2971 genus
690 2893 821 2973 regium
842 2894 956 2973 gentis
974 2869 1193 2972 Αιιιζίοιιιιιιο
1182 2908 1262 2956 ramur
1280 2868 1292 2906 ’

216 2991 358 3072 perdere
381 2989 436 3053 vel
465 2990 588 3054 exsilio
618 2992 760 3072 pereuni
784 2991 978 3072 deportare,
1008 2991 1098 3054 unde
1125 2991 1169 3054 ab

218 3089 398 3166 Eadwino,
422 3086 529 3152 srstre
555 3091 647 3170 regis
671 3089 865 3153 Eadmundi
889 3110 933 3153 ex
958 3097 1080 3166 matre,
1103 3089 1169 3152 ini·

217 3188 304 3252 tium
321 3207 473 3264 sumenS,
488 3188 601 3252 lictori
615 3188 764 3266 cuidam,
779 3190 916 3253 nomine
935 3188 1170 3265 Ethelwardo,

217 3286 314 3351 illum
342 3287 484 3351 tradidit
507 3287 550 3351 ad
578 3288 792 3366 necandum;
820 3288 882 3352 sed
902 3288 955 3352 vir
978 3288 1047 3364 ille,
1067 3288 1169 3371 juve·

219 3407 297 3451 uem
325 3386 486 3469 diligens,
507 3386 650 3450 tradidit
676 3387 711 3449 iu
734 3387 883 3470 quadam
910 3387 1052 3450 abbatia
1072 3387 1170 3451 illum

219 3486 512 3563 abscondendum,
536 3493 572 3549 et
594 3486 643 3549 sic
664 3486 708 3548 sd
727 3496 902 3568 tempusa
915 3487 1035 3550 mortis
1051 3486 1170 3549 discri-

219 3585 310 3649 mine
332 3585 504 3649 liberavit.
560 3585 668 3649 Filios
687 3605 825 3668 quoque
851 3586 942 3666 regis
964 3585 1170 3663 Eadmundi,

220 3678 442 3749 Eadwiuum²
462 3693 497 3748 et
516 3684 759 3762 Eadwardum,
778 3686 822 3748 ud
843 3705 959 3766 regem
977 3685 1171 3748 Suanorum

219 3784 438 3866 perimendos
469 3784 619 3863 direxit3
650 3784 724 3862 sed,
742 3785 825 3849 licet
853 3785 885 3848 ei
914 3784 1170 3850 confoederatus

220 3883 355 3961 suisset,
380 3883 555 3954 mandatis
576 3882 747 3949 Cnutonis
777 3905 845 3949 non
869 3884 1059 3968 adquievit,
1089 3887 1172 3968 quis

256 4150 329 4201 ¹Aut
340 4152 413 4201 utitor·
423 4151 577 4216 scribentes]
595 4153 685 4214 Heury
746 4149 757 4181 ²
777 4153 962 4216 Budenicum]
985 4152 1070 4201 before
1092 4153 1174 4201 called

220 4221 250 4270 oi
256 4222 585 4340 quntingdoumnddilred
593 4223 622 4272 oi
628 4222 686 4271 me-
712 4218 922 4282 ‘Eadmundum‚'
934 4222 983 4271 und
1001 4222 1104 4284 rightly.

220 4305 271 4340 rau
283 4307 309 4340 x.
