3000 5004
440 429 582 479 nnonns
609 430 880 480 ursroornnuu.
1067 415 1133 481 275

175 588 275 643 truus
299 601 383 645 suus
404 583 440 647 in
463 604 609 667 regnum
627 586 837 652 Marciorum
860 586 995 651 duobus
1017 586 1130 664 annis,

173 679 256 743 licet
269 681 305 744 in
320 682 417 745 brevi
432 702 454 747 a
469 704 575 765 regno
590 687 760 768 privatus.

224 777 329 845 Anno
345 782 488 847 Domini
507 801 701 851 ncccxxu.
720 786 824 850 tellus
847 786 883 849 in
901 785 1068 861 Saxonia,
1092 786 1128 850 in
1141 804 1251 845 enen.

172 878 313 942 modum
330 883 469 963 aggeris
483 885 598 965 spatio
614 886 716 950 unius
733 885 854 962 leucae,
872 885 990 950 multis
1001 886 1129 949 miran-
1140 855 1284 905 mmm

173 978 278 1056 tibus,
295 980 470 1046 intumuit.

123 1108 125 1113 ·
223 1075 329 1143 Anno
346 1079 487 1144 Domini
504 1098 710 1146 ucccxxm.
727 1082 926 1159 ceolwlfus,
947 1103 1008 1147 rex
1030 1082 1124 1147 Mer·
1139 1104 1249 1145 nnus

172 1175 316 1253 ciorum,
331 1179 373 1242 de
390 1199 497 1261 regno
512 1182 680 1264 expulsus
692 1182 896 1247 Beruulfum
910 1182 1031 1246 habuit
1044 1202 1124 1246 suc·

170 1294 342 1340 cessorem
360 1271 476 1343 ¹nnnis
492 1290 653 1362 quatuor.

222 1373 328 1441 Anno
345 1377 487 1442 Domini
504 1397 707 1444 uoccxxw.
727 1380 844 1463 puello
858 1379 1020 1462 quaedam
1037 1379 1123 1444 duo·
1135 1405 1245 1445 enos.

170 1472 304 1552 dennis,
325 1484 404 1561 post
423 1497 558 1542 sacram
579 1479 648 1543 diei
668 1480 815 1544 Pusohae
834 1480 1122 1555 communionem,

169 1574 317 1655 primum
337 1577 529 1658 perdecem
553 1598 688 1643 menses
710 1599 811 1662 poue,
835 1598 877 1643 ac
899 1577 1024 1642 deinde
1044 1578 1122 1643 cibo

169 1679 206 1737 et
228 1682 312 1756 potu
335 1697 398 1759 per
425 1678 610 1741 triennium
630 1680 809 1755 abstinuit,
832 1686 868 1742 et
889 1678 1052 1758 deinceps
1076 1676 1122 1740 ud

167 1791 384 1839 communem
415 1776 591 1841 hominum
618 1779 727 1842 vitam
758 1777 870 1843 rediit.
921 1771 1122 1858 ²Eugenius

169 1871 260 1936 sedit
278 1872 411 1941 Romae.

220 1970 325 2037 Anno
350 1974 490 2039 Domini
518 1993 703 2040 ucccxxu
732 1977 917 2059 Egbertus,
944 1995 1004 2040 rex
1029 1976 1244 2040 occi-nnus.

170 2069 360 2136 dentulium
375 2074 564 2151 Saxonum,
582 2077 753 2157 pugnavit
767 2084 888 2140 eontra
906 2075 1120 2152 Bernulsum,
1133 2050 1267 2142 {nrmlllle'

168 2189 285 2251 rogem
296 2169 1120 2257 Merciorum,apud³Hellendunumpurtessuus

169 2268 341 2336 hostiliter
357 2281 543 2355 petentem,
558 2275 628 2349 uhi,
644 2276 796 2338 maximo
815 2275 930 2356 gentis
948 2281 1120 2337 utrorum·

169 2388 238 2452 que
255 2391 376 2454 regum
393 2382 535 2455 peracto
552 2374 671 2450 exitio,
688 2374 861 2455 Egbertus
878 2374 987 2438 victor
1003 2372 1119 2436 funes·

169 2475 228 2533 tue
244 2469 287 2534 ud
305 2474 445 2555 propria
460 2474 636 2537 remeavit.

219 2567 323 2634 Anno
352 2572 493 2636 Domini
519 2588 718 2635 nuccxxvt.
747 2571 946 2650 Beruulfus,
972 2569 1180 2635 Mercionn
1197 2597 1241 2635 ne.

169 2687 245 2732 rum
267 2689 331 2734 rex
348 2671 546 2753 praedictuS,
561 2673 605 2735 ab
621 2672 846 2736 orientalibus
863 2669 989 2753 Anglis
1012 2672 1119 2735 inter·
1132 2644 1256 2736 dodilo.

170 2766 281 2832 fectus
296 2777 362 2847 est,
378 2790 420 2834 eo
438 2769 531 2852 quod
549 2790 692 2852 regnum
714 2771 799 2834 illud
823 2778 862 2834 ut
879 2790 980 2834 suum
998 2789 1019 2832 a
1034 2779 1120 2834 tem·

168 2886 253 2948 pore
275 2868 363 2933 offae
388 2870 480 2951 regis
507 2869 670 2933 invadere
693 2876 728 2934 et
752 2870 818 2933 sibi
840 2869 1015 2933 vindicare
1043 2877 1119 2932 ten·

169 2973 271 3032 toret.
323 2968 455 3033 Eodem
477 2988 568 3032 anno
586 2988 732 3051 corporo
748 2975 946 3032 sanctorum
970 2966 1120 3030 Marcel-

169 3064 280 3131 liniet
296 3066 392 3132 Petri
413 3076 617 3151 martyrum,
636 3069 680 3131 ab
697 3070 781 3131 urbe
798 3068 913 3131 Rome
930 3066 1068 3129 sublata
1085 3072 1121 3128 ot

167 3164 204 3227 in
223 3164 406 3230 Franciam
428 3168 610 3244 translato,
627 3168 745 3230 multis
765 3166 891 3229 ibidem
917 3165 1025 3246 signis
1048 3163 1119 3228 cla-

168 3274 324 3330 ruerunt.
375 3259 625 3330 ⁴Ludecunnus
648 3267 722 3347 regi
750 3263 916 3328 Bernulso
942 3263 1119 3327 successit.

170 3362 328 3446 Eugeuio
343 3385 444 3449 popae
462 3367 628 3430 successit
645 3360 884 3428 ⁵Valentinus.

205 3519 306 3575 Musis
316 3518 440 3593 quotum]
457 3525 633 3586 Acoordiugto
693 3521 704 3554 ⁸
721 3520 923 3584 liubusuam]
938 3520 1072 3596 ,supposed
1094 3524 1120 3570 to

169 3593 338 3656 Melmsbury‚
356 3594 500 3644 Beornuull
515 3608 571 3643 wos
589 3594 632 3643 de·
659 3596 689 3643 be
700 3594 804 3652 wilton,
818 3606 878 3641 neor
892 3591 1120 3651 sm1sbury;upon

170 3662 255 3713 leuted
272 3664 306 3726 by
323 3664 452 3726 Ecgberht
465 3665 492 3712 in
505 3663 548 3712 the
564 3664 632 3713 third
658 3664 699 3713 the
706 3664 765 3713 dete
773 3661 942 3711 olthisbuttle
950 3675 992 3709 see
1000 3659 1119 3709 Malmsb.

168 3747 232 3794 year
246 3733 276 3783 of
291 3735 331 3783 his
350 3734 431 3795 reign,
447 3733 497 3782 und
517 3734 582 3783 sloin
599 3735 633 3795 by
658 3749 684 3796 p.
699 3737 755 3795 147,
766 3737 820 3781 note
831 3728 850 3780 ¹.

168 3803 634 3866 thanst-Angleeinthesnmeyear,
693 3800 893 3862 ⁴duodecumam]
918 3799 1038 3848 Florenoe
1061 3812 1121 3860 says

169 3887 199 3922 oe
210 3873 293 3922 etuted
304 3874 386 3923 below
394 3874 420 3921 in
432 3877 490 3922 826.
511 3872 632 3922 Theseu.
658 3872 713 3921 thot
723 3875 770 3921 five
783 3871 898 3934 generale
906 3883 973 3918 were
985 3869 1050 3917 sluin
1058 3868 1120 3917 with

169 3941 264 3992 chron.
282 3944 369 4004 plucee
385 3942 425 3991 his
440 3942 516 3991 death
533 3943 559 3990 in
576 3947 634 4003 82³,
658 3942 709 3989 him
720 3943 754 4003 by
766 3942 808 3991 the
820 3939 1001 4000 Eunt-Angla.
1024 3938 1121 3999 Below,

169 4011 622 4062 mduatofhissncceoorineuo.
659 4011 690 4059 ho
705 4013 728 4059 is
739 4011 909 4060 eaidtohove
920 4009 984 4057 been
996 4006 1075 4055 killed
1086 4008 1147 4068 by·

661 4081 796 4141 Eogberht.

209 4146 377 4214 'Eugeniufl
394 4151 436 4200 the
453 4151 555 4204 second.
593 4150 634 4199 He
695 4148 705 4176 ⁸
723 4148 884 4210 Veientium]
901 4146 955 4193 'l'he
972 4145 1021 4205 day
1039 4143 1068 4192 ol
1081 4143 1121 4192 hie

170 4219 230 4269 died
241 4221 268 4267 iu
279 4220 383 4282 August
394 4225 451 4270 82⁷.
660 4219 736 4268 death
748 4221 770 4268 is
781 4217 920 4267 uncertain.
1003 4287 1019 4332 2

971 4297 986 4331 τ
