3000 5004
398 472 443 537 20
648 486 782 536 aoonnr
810 488 858 537 nn
879 485 1088 537 wnunovna

400 643 534 708 sianum
557 650 593 708 et
609 642 898 727 Uterpendragon
921 641 1063 708 fratrem
1085 640 1174 728 ejus,
1197 639 1257 724 qni
1279 659 1354 723 prae

401 741 738 825 timoreVortigerni
753 741 835 807 illuc
851 743 947 807 missi
963 741 1114 820 suerent,
1124 742 1353 817 destinantes,

403 842 667 924 postulaverunt
688 843 849 907 obnixius
872 850 907 906 et
930 842 1112 919 instanter,
1134 847 1174 905 nt
1193 840 1354 905 celeriter

403 962 449 1005 ex
472 949 587 1005 tractu
611 940 839 1007 Armoricano
858 941 902 1006 ad
930 942 1009 1006 illos
1028 941 1219 1017 venientes,
1239 939 1352 1003 Saxo·

404 1041 505 1105 nibus
519 1048 556 1105 et
571 1061 652 1123 rege
663 1041 875 1123 Vortigerno
888 1041 1056 1124 expulsis,
1072 1038 1265 1105 Britannia>
1277 1058 1353 1103 sus·

404 1141 559 1223 ciperent
585 1139 753 1205 diadema.
816 1139 867 1206 At
893 1141 944 1204 illi
968 1141 1043 1225 jam
1074 1139 1204 1204 adultae
1236 1139 1352 1203 aetatis

333 1292 339 1306 .
404 1240 608 1318 existentes,
639 1241 707 1304 iter
740 1259 840 1304 suum
871 1240 1012 1323 perinde
1035 1259 1114 1303 curn
1145 1238 1292 1303 naribus
1318 1245 1354 1302 et

342 1363 383 1443 “¹2
406 1341 549 1405 armatis
579 1339 746 1404 militibus
771 1348 1005 1423 paraverunt3
1033 1339 1125 1422 quod
1147 1339 1207 1402 ubi
1232 1336 1356 1402 Vorti-

243 1465 257 1494 n
282 1417 309 1493 '¹.¹
405 1460 514 1522 gerno
530 1440 604 1522 regi
625 1441 820 1504 nuntiatum
836 1439 971 1517 fuisset,
987 1439 1121 1504 vocatis
1137 1437 1247 1519 magis
1269 1436 1355 1513 suis,

407 1540 569 1622 quaesivit
595 1541 639 1604 ab
669 1539 724 1617 iis,
746 1539 830 1622 quid
858 1539 925 1604 sibi
954 1539 990 1603 in
1017 1537 1080 1603 tali
1110 1544 1237 1602 eventu
1264 1535 1354 1600 soret

405 1639 601 1720 agendum3
629 1639 690 1722 qui
714 1639 962 1721 respondentes
986 1638 1154 1702 dederunt
1182 1638 1214 1701 ei
1241 1636 1357 1700 consi-

406 1737 504 1815 lium,
518 1745 558 1802 ut
574 1739 696 1802 turrim
715 1736 938 1803 fortissimam
962 1737 1162 1814 aedilicaret,
1175 1755 1254 1819 quae
1278 1753 1355 1799 sese

407 1856 560 1919 suosque
598 1856 620 1900 a
650 1837 771 1901 mortis
802 1837 1000 1902 discrimine
1027 1844 1194 1902 tueretur.
1246 1834 1355 1900 Pera·

407 1936 518 2017 gratis
533 1935 641 2017 igitur
650 1937 845 2019 quibusque
867 1936 1066 2020 provinciis,
1085 1943 1124 2000 ut
1138 1934 1252 2000 locum
1273 1954 1356 2000 con·

408 2054 532 2117 gruum
554 2035 736 2113 inveniret,
754 2038 849 2101 venit
864 2036 1003 2101 tandem
1026 2036 1070 2100 ad
1094 2043 1245 2100 montem
1264 2034 1356 2111 Erir,

408 2134 468 2198 ubi
490 2135 603 2198 locum
628 2155 830 2217 congruum,
857 2144 896 2200 ut
919 2136 985 2201 sibi
999 2135 1193 2213 videbatur,
1210 2134 1355 2199 invenit.

410 2232 642 2317 Congregatis
666 2235 786 2319 itaque
802 2255 846 2299 ex
868 2235 1014 2300 diversis
1031 2237 1188 2319 partibus
1209 2252 1356 2298 caemen-

410 2335 520 2411 tariis,
544 2334 652 2419 jussit
681 2336 837 2400 construi
861 2336 1006 2416 turrim3
1037 2344 1074 2401 at
1097 2335 1149 2399 illi
1182 2353 1204 2398 a
1230 2332 1356 2398 sunda·

408 2441 527 2498 mento
541 2433 757 2516 incipientes,
775 2435 938 2519 quicquid
954 2455 1023 2499 una
1040 2436 1096 2500 die
1113 2434 1357 2519 operabantur,

408 2541 510 2597 nocte
526 2533 684 2616 sequenti
697 2533 801 2598 tellus
816 2536 1035 2600 absorbebat.

302 2656 345 2687 reo
375 2667 385 2678 ·
459 2631 692 2714 Vortigeruus
715 2653 798 2698 vero
825 2653 847 2697 a
872 2635 984 2717 magis
1008 2652 1149 2699 cansam
1178 2630 1357 2716 inquirens

409 2730 532 2810 ruinae,
550 2732 810 2812 consuluerunt,
827 2742 866 2798 nt
875 2735 1039 2820 juvenem
1057 2733 1132 2798 sine
1147 2740 1246 2816 patre
1260 2751 1357 2814 quae·

407 2839 511 2909 reret,
534 2837 573 2894 ut
593 2833 763 2914 sanguiue
791 2834 900 2917 ipsius
925 2841 1131 2899 caementum
1164 2839 1200 2896 et
1224 2830 1358 2914 lapides

408 2940 690 3014 aspergerentur,
718 2941 758 2997 ut
790 2954 878 3016 opus
907 2935 1083 3017 inceptum
1116 2934 1221 2997 robur
1250 2931 1357 2995 firmi·

408 3029 494 3094 tatis
532 3031 714 3096 obtineret.
774 3033 851 3099 Nec
884 3052 994 3111 mora,
1024 3032 1133 3115 legati
1172 3032 1357 3096 mittuntur

407 3129 452 3194 ad
481 3129 636 3195 diversas
670 3131 880 3215 provincias,
911 3140 953 3197 ut
977 3133 1082 3198 talem
1108 3132 1272 3215 juvenem
1302 3131 1355 3195 in·

407 3231 576 3295 venirent.
644 3229 835 3297 Venientes
863 3232 1003 3298 tandem
1035 3231 1078 3296 ad
1112 3232 1244 3308 urbem,
1277 3250 1356 3314 quae

407 3337 530 3412 postca
562 3324 809 3398 ¹Kaermerdiu
841 3331 907 3396 luit
937 3338 1149 3414 nuncupata,
1184 3350 1356 3413 conspex-

407 3439 508 3495 errmt
530 3430 617 3495 duos
634 3430 783 3515 juvenes
806 3431 997 3515 litigantes,
1011 3450 1159 3515 quorum
1187 3431 1276 3494 alter
1298 3448 1354 3494 so·

407 3529 462 3593 cio
503 3548 568 3594 suo
604 3530 877 3615 improperabat,
907 3531 1037 3608 dicens,
1067 3529 1182 3609 ‘Quid
1221 3548 1354 3593 mecum

407 3628 600 3705 contendis,
630 3628 751 3695 satuel
803 3631 982 3715 Numquid
1005 3637 1044 3694 tu
1066 3630 1142 3694 sine
1168 3636 1269 3712 patre
1291 3648 1355 3692 na·

407 3734 466 3791 tus
480 3746 565 3792 meae
582 3728 756 3794 nobilitati
770 3729 942 3812 parificari
958 3731 1101 3814 poteris,
1118 3729 1178 3811 qui
1201 3728 1245 3791 de
1258 3728 1355 3810 regio

407 3845 535 3908 genere
566 3834 675 3904 ortus,
708 3848 753 3894 ex
790 3837 938 3913 utraque
972 3829 1108 3913 generis
1138 3828 1206 3893 mei
1244 3836 1356 3911 parte,

407 3925 521 3989 clarus
549 3927 795 4010 resplendeol’
845 3927 896 3993 At
925 3929 1038 3994 nuntii
1064 3929 1206 3994 verbum
1232 3927 1356 4014 hujus-

682 4242 688 4272 ¹
702 4245 886 4309 Kaeruurde’e]
905 4244 1078 4297 Carmarthen.
