<?xml version="1.0" encoding="UTF-8"?>
<!DOCTYPE html PUBLIC "-//W3C//DTD XHTML 1.0 Transitional//EN"
    "http://www.w3.org/TR/xhtml1/DTD/xhtml1-transitional.dtd">
<html xmlns="http://www.w3.org/1999/xhtml" xml:lang="en" lang="en">
 <head>
  <title>
</title>
<meta http-equiv="Content-Type" content="text/html;charset=utf-8" />
  <meta name='ocr-system' content='tesseract 3.04.00' />
  <meta name='ocr-capabilities' content='ocr_page ocr_carea ocr_par ocr_line ocrx_word'/>
</head>
<body>
  <div class='ocr_page' id='page_1' title='image "./rogeridewendove05rogegoog_0387.png"; bbox 0 0 3000 5004; ppageno 0'>
   <div class='ocr_carea' id='block_1_1' title="bbox 351 432 1043 496">
    <p class='ocr_par' dir='ltr' id='par_1_1' title="bbox 351 432 1043 496">
     <span class='ocr_line' id='line_1_1' title="bbox 351 432 1043 496; baseline -0.009 0"><span class='ocrx_word' id='word_1_1' title='bbox 351 432 417 496; x_wconf 70' lang='lat'>342</span> <span class='ocrx_word' id='word_1_2' title='bbox 608 447 743 494; x_wconf 81' lang='lat' dir='ltr'>aueum</span> <span class='ocrx_word' id='word_1_3' title='bbox 767 445 814 493; x_wconf 86' lang='lat' dir='ltr'>nu</span> <span class='ocrx_word' id='word_1_4' title='bbox 838 444 1043 491; x_wconf 77' lang='lat' dir='ltr'>wuunovun</span> 
     </span>
    </p>
   </div>
   <div class='ocr_carea' id='block_1_2' title="bbox 145 599 1310 3858">
    <p class='ocr_par' dir='ltr' id='par_1_2' title="bbox 145 599 1310 3858">
     <span class='ocr_line' id='line_1_2' title="bbox 190 599 1305 712; baseline 0.004 -52"><span class='ocrx_word' id='word_1_5' title='bbox 190 621 304 712; x_wconf 48' lang='lat' dir='ltr'>{35⁰⁰ss</span> <span class='ocrx_word' id='word_1_6' title='bbox 354 603 466 668; x_wconf 89' lang='lat' dir='ltr'>midus</span> <span class='ocrx_word' id='word_1_7' title='bbox 489 603 713 679; x_wconf 81' lang='lat' dir='ltr'>intenderem,</span> <span class='ocrx_word' id='word_1_8' title='bbox 741 600 859 666; x_wconf 89' lang='lat' dir='ltr'>audivi</span> <span class='ocrx_word' id='word_1_9' title='bbox 880 608 972 665; x_wconf 90' lang='lat' dir='ltr'>retro</span> <span class='ocrx_word' id='word_1_10' title='bbox 996 619 1051 664; x_wconf 91' lang='lat' dir='ltr'>me</span> <span class='ocrx_word' id='word_1_11' title='bbox 1074 599 1208 663; x_wconf 89' lang='lat' dir='ltr'>animas</span> <span class='ocrx_word' id='word_1_12' title='bbox 1231 601 1305 665; x_wconf 92' lang='lat' dir='ltr'>cla-</span> 
     </span>
     <span class='ocr_line' id='line_1_3' title="bbox 145 682 1308 785; baseline 0.003 -23"><span class='ocrx_word' id='word_1_13' title='bbox 145 768 151 777; x_wconf 57' lang='lat'>,</span> <span class='ocrx_word' id='word_1_14' title='bbox 191 682 276 762; x_wconf 58' lang='lat' dir='ltr'>osolf&#39;</span> <span class='ocrx_word' id='word_1_15' title='bbox 354 722 460 779; x_wconf 87' lang='lat' dir='ltr'>mare,</span> <span class='ocrx_word' id='word_1_16' title='bbox 473 708 482 737; x_wconf 91' lang='lat'>‘</span> <span class='ocrx_word' id='word_1_17' title='bbox 495 702 661 766; x_wconf 86' lang='lat' dir='ltr'>Potentes</span> <span class='ocrx_word' id='word_1_18' title='bbox 681 708 841 785; x_wconf 88' lang='lat' dir='ltr'>potenter</span> <span class='ocrx_word' id='word_1_19' title='bbox 856 707 1028 764; x_wconf 87' lang='lat' dir='ltr'>tormenta</span> <span class='ocrx_word' id='word_1_20' title='bbox 1046 700 1224 782; x_wconf 89' lang='lat' dir='ltr'>patientur</span> <span class='ocrx_word' id='word_1_21' title='bbox 1234 701 1256 780; x_wconf 89' lang='lat'>;’</span> <span class='ocrx_word' id='word_1_22' title='bbox 1271 709 1308 766; x_wconf 87' lang='lat' dir='ltr'>et</span> 
     </span>
     <span class='ocr_line' id='line_1_4' title="bbox 354 792 1305 885; baseline -0.003 -20"><span class='ocrx_word' id='word_1_23' title='bbox 354 802 493 884; x_wconf 84' lang='lat' dir='ltr'>respexi</span> <span class='ocrx_word' id='word_1_24' title='bbox 510 809 546 865; x_wconf 90' lang='lat' dir='ltr'>et</span> <span class='ocrx_word' id='word_1_25' title='bbox 561 801 632 865; x_wconf 87' lang='lat' dir='ltr'>vidi</span> <span class='ocrx_word' id='word_1_26' title='bbox 646 792 751 885; x_wconf 86' lang='lat' dir='ltr'>super</span> <span class='ocrx_word' id='word_1_27' title='bbox 765 800 860 883; x_wconf 82' lang='lat' dir='ltr'>ripas</span> <span class='ocrx_word' id='word_1_28' title='bbox 874 799 1026 864; x_wconf 89' lang='lat' dir='ltr'>fluminis</span> <span class='ocrx_word' id='word_1_29' title='bbox 1039 798 1217 863; x_wconf 89' lang='lat' dir='ltr'>bullientis</span> <span class='ocrx_word' id='word_1_30' title='bbox 1234 799 1305 864; x_wconf 88' lang='lat' dir='ltr'>sor-</span> 
     </span>
     <span class='ocr_line' id='line_1_5' title="bbox 354 897 1308 984; baseline -0.001 -19"><span class='ocrx_word' id='word_1_31' title='bbox 354 920 457 966; x_wconf 89' lang='lat' dir='ltr'>naces</span> <span class='ocrx_word' id='word_1_32' title='bbox 473 901 589 984; x_wconf 88' lang='lat' dir='ltr'>piceas</span> <span class='ocrx_word' id='word_1_33' title='bbox 613 908 649 965; x_wconf 88' lang='lat' dir='ltr'>et</span> <span class='ocrx_word' id='word_1_34' title='bbox 669 899 875 983; x_wconf 90' lang='lat' dir='ltr'>sulphureas</span> <span class='ocrx_word' id='word_1_35' title='bbox 894 899 1016 982; x_wconf 88' lang='lat' dir='ltr'>plenas</span> <span class='ocrx_word' id='word_1_36' title='bbox 1033 898 1169 981; x_wconf 86' lang='lat' dir='ltr'>magnis</span> <span class='ocrx_word' id='word_1_37' title='bbox 1184 897 1308 964; x_wconf 87' lang='lat' dir='ltr'>draco-</span> 
     </span>
     <span class='ocr_line' id='line_1_6' title="bbox 355 998 1306 1082; baseline 0.001 -19"><span class='ocrx_word' id='word_1_38' title='bbox 355 1000 456 1064; x_wconf 86' lang='lat' dir='ltr'>nibus</span> <span class='ocrx_word' id='word_1_39' title='bbox 480 1008 516 1065; x_wconf 87' lang='lat' dir='ltr'>et</span> <span class='ocrx_word' id='word_1_40' title='bbox 537 1000 776 1082; x_wconf 83' lang='lat' dir='ltr'>scorpionibus</span> <span class='ocrx_word' id='word_1_41' title='bbox 796 1006 832 1063; x_wconf 89' lang='lat' dir='ltr'>et</span> <span class='ocrx_word' id='word_1_42' title='bbox 849 999 1067 1081; x_wconf 86' lang='lat' dir='ltr'>serpentibus</span> <span class='ocrx_word' id='word_1_43' title='bbox 1091 998 1219 1062; x_wconf 87' lang='lat' dir='ltr'>diversi</span> <span class='ocrx_word' id='word_1_44' title='bbox 1245 1018 1306 1081; x_wconf 86' lang='lat' dir='ltr'>ge·</span> 
     </span>
     <span class='ocr_line' id='line_1_7' title="bbox 355 1098 1307 1181; baseline -0.001 -18"><span class='ocrx_word' id='word_1_45' title='bbox 355 1099 460 1178; x_wconf 91' lang='lat' dir='ltr'>ueris,</span> <span class='ocrx_word' id='word_1_46' title='bbox 483 1107 519 1164; x_wconf 89' lang='lat' dir='ltr'>et</span> <span class='ocrx_word' id='word_1_47' title='bbox 541 1099 590 1162; x_wconf 93' lang='lat' dir='ltr'>ibi</span> <span class='ocrx_word' id='word_1_48' title='bbox 605 1099 677 1163; x_wconf 87' lang='lat' dir='ltr'>vidi</span> <span class='ocrx_word' id='word_1_49' title='bbox 694 1099 830 1181; x_wconf 93' lang='lat' dir='ltr'>aliquos</span> <span class='ocrx_word' id='word_1_50' title='bbox 846 1098 1019 1181; x_wconf 87' lang='lat' dir='ltr'>principes</span> <span class='ocrx_word' id='word_1_51' title='bbox 1042 1098 1153 1181; x_wconf 87' lang='lat' dir='ltr'>patris</span> <span class='ocrx_word' id='word_1_52' title='bbox 1178 1099 1247 1163; x_wconf 91' lang='lat' dir='ltr'>mei</span> <span class='ocrx_word' id='word_1_53' title='bbox 1270 1105 1307 1162; x_wconf 93' lang='lat' dir='ltr'>et</span> 
     </span>
     <span class='ocr_line' id='line_1_8' title="bbox 356 1197 1306 1275; baseline -0.003 -13"><span class='ocrx_word' id='word_1_54' title='bbox 356 1218 451 1263; x_wconf 92' lang='lat' dir='ltr'>meos</span> <span class='ocrx_word' id='word_1_55' title='bbox 465 1207 501 1263; x_wconf 89' lang='lat' dir='ltr'>et</span> <span class='ocrx_word' id='word_1_56' title='bbox 516 1197 662 1263; x_wconf 83' lang='lat' dir='ltr'>fratrum</span> <span class='ocrx_word' id='word_1_57' title='bbox 678 1218 845 1275; x_wconf 91' lang='lat' dir='ltr'>meorum,</span> <span class='ocrx_word' id='word_1_58' title='bbox 857 1216 990 1262; x_wconf 90' lang='lat' dir='ltr'>necnon</span> <span class='ocrx_word' id='word_1_59' title='bbox 1006 1204 1042 1261; x_wconf 87' lang='lat' dir='ltr'>et</span> <span class='ocrx_word' id='word_1_60' title='bbox 1056 1197 1306 1262; x_wconf 79' lang='lat' dir='ltr'>avunculorum</span> 
     </span>
     <span class='ocr_line' id='line_1_9' title="bbox 355 1295 1306 1375; baseline -0.002 -13"><span class='ocrx_word' id='word_1_61' title='bbox 355 1318 521 1375; x_wconf 86' lang='lat' dir='ltr'>meorum,</span> <span class='ocrx_word' id='word_1_62' title='bbox 537 1298 690 1362; x_wconf 88' lang='lat' dir='ltr'>dicentes</span> <span class='ocrx_word' id='word_1_63' title='bbox 707 1297 802 1374; x_wconf 91' lang='lat' dir='ltr'>mibi,</span> <span class='ocrx_word' id='word_1_64' title='bbox 818 1295 923 1361; x_wconf 86' lang='lat' dir='ltr'>‘Heu</span> <span class='ocrx_word' id='word_1_65' title='bbox 948 1297 1060 1374; x_wconf 90' lang='lat' dir='ltr'>nobis,</span> <span class='ocrx_word' id='word_1_66' title='bbox 1076 1296 1214 1374; x_wconf 88' lang='lat' dir='ltr'>Carole,</span> <span class='ocrx_word' id='word_1_67' title='bbox 1238 1296 1306 1361; x_wconf 90' lang='lat' dir='ltr'>heu</span> 
     </span>
     <span class='ocr_line' id='line_1_10' title="bbox 357 1396 1307 1480; baseline -0.001 -20"><span class='ocrx_word' id='word_1_68' title='bbox 357 1399 475 1462; x_wconf 85' lang='lat' dir='ltr'>nobis!</span> <span class='ocrx_word' id='word_1_69' title='bbox 519 1397 627 1461; x_wconf 86' lang='lat' dir='ltr'>Vides</span> <span class='ocrx_word' id='word_1_70' title='bbox 652 1416 757 1480; x_wconf 89' lang='lat' dir='ltr'>quam</span> <span class='ocrx_word' id='word_1_71' title='bbox 779 1397 903 1478; x_wconf 88' lang='lat' dir='ltr'>gravia</span> <span class='ocrx_word' id='word_1_72' title='bbox 926 1396 1092 1460; x_wconf 88' lang='lat' dir='ltr'>habemus</span> <span class='ocrx_word' id='word_1_73' title='bbox 1120 1402 1307 1473; x_wconf 89' lang='lat' dir='ltr'>tormenta,</span> 
     </span>
     <span class='ocr_line' id='line_1_11' title="bbox 356 1495 1309 1579; baseline 0 -21"><span class='ocrx_word' id='word_1_74' title='bbox 356 1504 499 1579; x_wconf 87' lang='lat' dir='ltr'>propter</span> <span class='ocrx_word' id='word_1_75' title='bbox 525 1504 679 1561; x_wconf 88' lang='lat' dir='ltr'>nostram</span> <span class='ocrx_word' id='word_1_76' title='bbox 702 1496 870 1561; x_wconf 89' lang='lat' dir='ltr'>malitiam</span> <span class='ocrx_word' id='word_1_77' title='bbox 887 1503 923 1560; x_wconf 88' lang='lat' dir='ltr'>et</span> <span class='ocrx_word' id='word_1_78' title='bbox 938 1495 1134 1578; x_wconf 90' lang='lat' dir='ltr'>superbiam</span> <span class='ocrx_word' id='word_1_79' title='bbox 1157 1501 1193 1558; x_wconf 89' lang='lat' dir='ltr'>et</span> <span class='ocrx_word' id='word_1_80' title='bbox 1215 1495 1309 1559; x_wconf 90' lang='lat' dir='ltr'>mala</span> 
     </span>
     <span class='ocr_line' id='line_1_12' title="bbox 356 1593 1307 1677; baseline 0.001 -20"><span class='ocrx_word' id='word_1_81' title='bbox 356 1596 513 1671; x_wconf 92' lang='lat' dir='ltr'>consilia,</span> <span class='ocrx_word' id='word_1_82' title='bbox 540 1614 619 1677; x_wconf 87' lang='lat' dir='ltr'>quae</span> <span class='ocrx_word' id='word_1_83' title='bbox 648 1595 788 1676; x_wconf 89' lang='lat' dir='ltr'>regibus</span> <span class='ocrx_word' id='word_1_84' title='bbox 816 1594 944 1659; x_wconf 90' lang='lat' dir='ltr'>nostris</span> <span class='ocrx_word' id='word_1_85' title='bbox 975 1602 1011 1659; x_wconf 89' lang='lat' dir='ltr'>et</span> <span class='ocrx_word' id='word_1_86' title='bbox 1044 1594 1107 1658; x_wconf 90' lang='lat' dir='ltr'>tibi</span> <span class='ocrx_word' id='word_1_87' title='bbox 1136 1593 1307 1672; x_wconf 84' lang='lat' dir='ltr'>dedimus,</span> 
     </span>
     <span class='ocr_line' id='line_1_13' title="bbox 356 1692 1307 1777; baseline 0.001 -22"><span class='ocrx_word' id='word_1_88' title='bbox 356 1701 498 1776; x_wconf 88' lang='lat' dir='ltr'>propter</span> <span class='ocrx_word' id='word_1_89' title='bbox 512 1694 736 1777; x_wconf 90' lang='lat' dir='ltr'>cupiditatem</span> <span class='ocrx_word' id='word_1_90' title='bbox 748 1693 769 1773; x_wconf 80' lang='lat'>3’</span> <span class='ocrx_word' id='word_1_91' title='bbox 792 1713 939 1776; x_wconf 90' lang='lat' dir='ltr'>cumque</span> <span class='ocrx_word' id='word_1_92' title='bbox 961 1692 1035 1757; x_wconf 87' lang='lat' dir='ltr'>baec</span> <span class='ocrx_word' id='word_1_93' title='bbox 1057 1692 1207 1758; x_wconf 91' lang='lat' dir='ltr'>dolendo</span> <span class='ocrx_word' id='word_1_94' title='bbox 1223 1712 1307 1757; x_wconf 91' lang='lat' dir='ltr'>con-</span> 
     </span>
     <span class='ocr_line' id='line_1_14' title="bbox 357 1792 1307 1875; baseline 0.003 -20"><span class='ocrx_word' id='word_1_95' title='bbox 357 1792 591 1873; x_wconf 86' lang='lat' dir='ltr'>gemiscerem,</span> <span class='ocrx_word' id='word_1_96' title='bbox 608 1800 834 1858; x_wconf 90' lang='lat' dir='ltr'>cucurrerunt</span> <span class='ocrx_word' id='word_1_97' title='bbox 849 1793 892 1858; x_wconf 91' lang='lat' dir='ltr'>ad</span> <span class='ocrx_word' id='word_1_98' title='bbox 909 1812 963 1856; x_wconf 90' lang='lat' dir='ltr'>me</span> <span class='ocrx_word' id='word_1_99' title='bbox 983 1792 1159 1856; x_wconf 85' lang='lat' dir='ltr'>daemones</span> <span class='ocrx_word' id='word_1_100' title='bbox 1176 1793 1307 1875; x_wconf 87' lang='lat' dir='ltr'>apertis</span> 
     </span>
     <span class='ocr_line' id='line_1_15' title="bbox 357 1890 1308 1975; baseline 0.002 -21"><span class='ocrx_word' id='word_1_101' title='bbox 357 1897 393 1954; x_wconf 90' lang='lat' dir='ltr'>et</span> <span class='ocrx_word' id='word_1_102' title='bbox 416 1891 528 1973; x_wconf 89' lang='lat' dir='ltr'>plenis</span> <span class='ocrx_word' id='word_1_103' title='bbox 549 1890 707 1957; x_wconf 84' lang='lat' dir='ltr'>saucibus</span> <span class='ocrx_word' id='word_1_104' title='bbox 732 1892 813 1974; x_wconf 91' lang='lat' dir='ltr'>igne</span> <span class='ocrx_word' id='word_1_105' title='bbox 839 1900 876 1956; x_wconf 88' lang='lat' dir='ltr'>ct</span> <span class='ocrx_word' id='word_1_106' title='bbox 897 1891 1062 1975; x_wconf 88' lang='lat' dir='ltr'>sulphure</span> <span class='ocrx_word' id='word_1_107' title='bbox 1086 1897 1122 1955; x_wconf 93' lang='lat' dir='ltr'>et</span> <span class='ocrx_word' id='word_1_108' title='bbox 1146 1891 1223 1974; x_wconf 91' lang='lat' dir='ltr'>pice</span> <span class='ocrx_word' id='word_1_109' title='bbox 1246 1910 1308 1956; x_wconf 80' lang='lat' dir='ltr'>vo·</span> 
     </span>
     <span class='ocr_line' id='line_1_16' title="bbox 357 1988 1308 2073; baseline 0.003 -21"><span class='ocrx_word' id='word_1_110' title='bbox 357 1988 469 2053; x_wconf 89' lang='lat' dir='ltr'>lentes</span> <span class='ocrx_word' id='word_1_111' title='bbox 493 2009 549 2053; x_wconf 90' lang='lat' dir='ltr'>me</span> <span class='ocrx_word' id='word_1_112' title='bbox 573 1990 750 2072; x_wconf 84' lang='lat' dir='ltr'>inglutire,</span> <span class='ocrx_word' id='word_1_113' title='bbox 773 2000 811 2056; x_wconf 88' lang='lat' dir='ltr'>at</span> <span class='ocrx_word' id='word_1_114' title='bbox 835 1991 958 2056; x_wconf 88' lang='lat' dir='ltr'>ductor</span> <span class='ocrx_word' id='word_1_115' title='bbox 990 2008 1088 2054; x_wconf 88' lang='lat' dir='ltr'>meus</span> <span class='ocrx_word' id='word_1_116' title='bbox 1118 1990 1308 2073; x_wconf 79' lang='lat' dir='ltr'>triplicavit</span> 
     </span>
     <span class='ocr_line' id='line_1_17' title="bbox 356 2089 1309 2173; baseline 0.002 -21"><span class='ocrx_word' id='word_1_117' title='bbox 356 2108 462 2171; x_wconf 91' lang='lat' dir='ltr'>super</span> <span class='ocrx_word' id='word_1_118' title='bbox 476 2109 530 2153; x_wconf 91' lang='lat' dir='ltr'>me</span> <span class='ocrx_word' id='word_1_119' title='bbox 547 2089 654 2167; x_wconf 87' lang='lat' dir='ltr'>filum,</span> <span class='ocrx_word' id='word_1_120' title='bbox 672 2109 693 2153; x_wconf 92' lang='lat' dir='ltr'>a</span> <span class='ocrx_word' id='word_1_121' title='bbox 709 2090 809 2173; x_wconf 88' lang='lat' dir='ltr'>cujus</span> <span class='ocrx_word' id='word_1_122' title='bbox 830 2090 936 2154; x_wconf 91' lang='lat' dir='ltr'>radiis</span> <span class='ocrx_word' id='word_1_123' title='bbox 957 2089 1128 2154; x_wconf 87' lang='lat' dir='ltr'>claritatis</span> <span class='ocrx_word' id='word_1_124' title='bbox 1143 2096 1309 2173; x_wconf 87' lang='lat' dir='ltr'>superata</span> 
     </span>
     <span class='ocr_line' id='line_1_18' title="bbox 356 2189 1307 2271; baseline 0.002 -19"><span class='ocrx_word' id='word_1_125' title='bbox 356 2196 439 2253; x_wconf 94' lang='lat' dir='ltr'>sunt</span> <span class='ocrx_word' id='word_1_126' title='bbox 462 2189 567 2271; x_wconf 90' lang='lat' dir='ltr'>ignea</span> <span class='ocrx_word' id='word_1_127' title='bbox 591 2208 653 2253; x_wconf 90' lang='lat' dir='ltr'>ora</span> <span class='ocrx_word' id='word_1_128' title='bbox 671 2208 802 2266; x_wconf 88' lang='lat' dir='ltr'>eorum,</span> <span class='ocrx_word' id='word_1_129' title='bbox 828 2197 864 2253; x_wconf 87' lang='lat' dir='ltr'>et</span> <span class='ocrx_word' id='word_1_130' title='bbox 886 2189 1040 2271; x_wconf 84' lang='lat' dir='ltr'>protexit</span> <span class='ocrx_word' id='word_1_131' title='bbox 1063 2208 1119 2253; x_wconf 92' lang='lat' dir='ltr'>me</span> <span class='ocrx_word' id='word_1_132' title='bbox 1145 2189 1307 2254; x_wconf 87' lang='lat' dir='ltr'>validius.</span> 
     </span>
     <span class='ocr_line' id='line_1_19' title="bbox 357 2287 1309 2370; baseline 0 -19"><span class='ocrx_word' id='word_1_133' title='bbox 357 2287 406 2351; x_wconf 88' lang='lat' dir='ltr'>Et</span> <span class='ocrx_word' id='word_1_134' title='bbox 422 2288 661 2353; x_wconf 87' lang='lat' dir='ltr'>descendimus</span> <span class='ocrx_word' id='word_1_135' title='bbox 674 2288 710 2352; x_wconf 93' lang='lat' dir='ltr'>in</span> <span class='ocrx_word' id='word_1_136' title='bbox 727 2306 832 2351; x_wconf 89' lang='lat' dir='ltr'>unam</span> <span class='ocrx_word' id='word_1_137' title='bbox 846 2287 983 2366; x_wconf 89' lang='lat' dir='ltr'>vallem,</span> <span class='ocrx_word' id='word_1_138' title='bbox 1000 2306 1078 2370; x_wconf 86' lang='lat' dir='ltr'>quae</span> <span class='ocrx_word' id='word_1_139' title='bbox 1093 2296 1169 2353; x_wconf 90' lang='lat' dir='ltr'>erat</span> <span class='ocrx_word' id='word_1_140' title='bbox 1184 2289 1221 2352; x_wconf 93' lang='lat' dir='ltr'>in</span> <span class='ocrx_word' id='word_1_141' title='bbox 1238 2306 1309 2352; x_wconf 90' lang='lat' dir='ltr'>una</span> 
     </span>
     <span class='ocr_line' id='line_1_20' title="bbox 359 2386 1308 2469; baseline 0.003 -20"><span class='ocrx_word' id='word_1_142' title='bbox 359 2394 458 2468; x_wconf 90' lang='lat' dir='ltr'>parte</span> <span class='ocrx_word' id='word_1_143' title='bbox 479 2388 673 2464; x_wconf 90' lang='lat' dir='ltr'>tenebrosa,</span> <span class='ocrx_word' id='word_1_144' title='bbox 696 2387 822 2452; x_wconf 89' lang='lat' dir='ltr'>ardens</span> <span class='ocrx_word' id='word_1_145' title='bbox 835 2386 932 2451; x_wconf 87' lang='lat' dir='ltr'>velut</span> <span class='ocrx_word' id='word_1_146' title='bbox 955 2387 1110 2452; x_wconf 90' lang='lat' dir='ltr'>clibanus</span> <span class='ocrx_word' id='word_1_147' title='bbox 1135 2387 1241 2469; x_wconf 91' lang='lat' dir='ltr'>ignis,</span> <span class='ocrx_word' id='word_1_148' title='bbox 1263 2407 1308 2453; x_wconf 88' lang='lat' dir='ltr'>ex</span> 
     </span>
     <span class='ocr_line' id='line_1_21' title="bbox 359 2485 1308 2569; baseline 0.004 -22"><span class='ocrx_word' id='word_1_149' title='bbox 359 2485 429 2548; x_wconf 91' lang='lat' dir='ltr'>alia</span> <span class='ocrx_word' id='word_1_150' title='bbox 451 2504 534 2549; x_wconf 86' lang='lat' dir='ltr'>vero</span> <span class='ocrx_word' id='word_1_151' title='bbox 556 2494 656 2568; x_wconf 89' lang='lat' dir='ltr'>parte</span> <span class='ocrx_word' id='word_1_152' title='bbox 681 2494 753 2550; x_wconf 87' lang='lat' dir='ltr'>tam</span> <span class='ocrx_word' id='word_1_153' title='bbox 784 2486 1019 2551; x_wconf 89' lang='lat' dir='ltr'>amoenissima</span> <span class='ocrx_word' id='word_1_154' title='bbox 1041 2493 1078 2549; x_wconf 89' lang='lat' dir='ltr'>et</span> <span class='ocrx_word' id='word_1_155' title='bbox 1101 2486 1308 2569; x_wconf 88' lang='lat' dir='ltr'>splendidis-</span> 
     </span>
     <span class='ocr_line' id='line_1_22' title="bbox 358 2583 1309 2668; baseline 0.006 -23"><span class='ocrx_word' id='word_1_156' title='bbox 358 2583 447 2647; x_wconf 90' lang='lat' dir='ltr'>sima</span> <span class='ocrx_word' id='word_1_157' title='bbox 476 2591 516 2647; x_wconf 89' lang='lat' dir='ltr'>ut</span> <span class='ocrx_word' id='word_1_158' title='bbox 546 2584 642 2648; x_wconf 91' lang='lat' dir='ltr'>nulla</span> <span class='ocrx_word' id='word_1_159' title='bbox 670 2586 804 2651; x_wconf 88' lang='lat' dir='ltr'>ratione</span> <span class='ocrx_word' id='word_1_160' title='bbox 828 2584 941 2649; x_wconf 87' lang='lat' dir='ltr'>dicere</span> <span class='ocrx_word' id='word_1_161' title='bbox 962 2585 1120 2665; x_wconf 77' lang='lat' dir='ltr'>ualeam3</span> <span class='ocrx_word' id='word_1_162' title='bbox 1151 2586 1309 2668; x_wconf 88' lang='lat' dir='ltr'>vertique</span> 
     </span>
     <span class='ocr_line' id='line_1_23' title="bbox 359 2684 1309 2767; baseline 0.004 -22"><span class='ocrx_word' id='word_1_163' title='bbox 359 2701 414 2745; x_wconf 90' lang='lat' dir='ltr'>me</span> <span class='ocrx_word' id='word_1_164' title='bbox 438 2690 560 2746; x_wconf 89' lang='lat' dir='ltr'>contra</span> <span class='ocrx_word' id='word_1_165' title='bbox 580 2684 797 2748; x_wconf 87' lang='lat' dir='ltr'>tenebrosam</span> <span class='ocrx_word' id='word_1_166' title='bbox 815 2692 850 2748; x_wconf 89' lang='lat' dir='ltr'>et</span> <span class='ocrx_word' id='word_1_167' title='bbox 868 2684 1135 2750; x_wconf 87' lang='lat' dir='ltr'>flammivomam</span> <span class='ocrx_word' id='word_1_168' title='bbox 1160 2693 1309 2767; x_wconf 87' lang='lat' dir='ltr'>partem,</span> 
     </span>
     <span class='ocr_line' id='line_1_24' title="bbox 359 2780 1310 2867; baseline 0.007 -25"><span class='ocrx_word' id='word_1_169' title='bbox 359 2780 500 2864; x_wconf 88' lang='lat' dir='ltr'>vidique</span> <span class='ocrx_word' id='word_1_170' title='bbox 522 2781 570 2847; x_wconf 92' lang='lat' dir='ltr'>ibi</span> <span class='ocrx_word' id='word_1_171' title='bbox 592 2782 728 2865; x_wconf 88' lang='lat' dir='ltr'>aliquos</span> <span class='ocrx_word' id='word_1_172' title='bbox 746 2803 845 2865; x_wconf 88' lang='lat' dir='ltr'>reges</span> <span class='ocrx_word' id='word_1_173' title='bbox 866 2783 934 2848; x_wconf 91' lang='lat' dir='ltr'>mei</span> <span class='ocrx_word' id='word_1_174' title='bbox 956 2783 1093 2864; x_wconf 86' lang='lat' dir='ltr'>generis</span> <span class='ocrx_word' id='word_1_175' title='bbox 1114 2783 1151 2847; x_wconf 94' lang='lat' dir='ltr'>in</span> <span class='ocrx_word' id='word_1_176' title='bbox 1172 2786 1310 2867; x_wconf 87' lang='lat' dir='ltr'>magnis</span> 
     </span>
     <span class='ocr_line' id='line_1_25' title="bbox 359 2880 1309 2966; baseline 0.005 -24"><span class='ocrx_word' id='word_1_177' title='bbox 359 2880 549 2963; x_wconf 72' lang='lat' dir='ltr'>suppliciis,</span> <span class='ocrx_word' id='word_1_178' title='bbox 603 2882 650 2946; x_wconf 87' lang='lat' dir='ltr'>Et</span> <span class='ocrx_word' id='word_1_179' title='bbox 663 2891 745 2946; x_wconf 90' lang='lat' dir='ltr'>tunc</span> <span class='ocrx_word' id='word_1_180' title='bbox 767 2883 873 2947; x_wconf 92' lang='lat' dir='ltr'>nimia</span> <span class='ocrx_word' id='word_1_181' title='bbox 888 2884 1110 2966; x_wconf 86' lang='lat' dir='ltr'>perturbatus</span> <span class='ocrx_word' id='word_1_182' title='bbox 1133 2885 1309 2964; x_wconf 90' lang='lat' dir='ltr'>angustia,</span> 
     </span>
     <span class='ocr_line' id='line_1_26' title="bbox 358 2979 1309 3065; baseline 0.004 -23"><span class='ocrx_word' id='word_1_183' title='bbox 358 2979 482 3062; x_wconf 83' lang='lat' dir='ltr'>putavi</span> <span class='ocrx_word' id='word_1_184' title='bbox 505 3000 559 3045; x_wconf 91' lang='lat' dir='ltr'>me</span> <span class='ocrx_word' id='word_1_185' title='bbox 585 2982 705 3046; x_wconf 85' lang='lat' dir='ltr'>statim</span> <span class='ocrx_word' id='word_1_186' title='bbox 732 2981 768 3045; x_wconf 92' lang='lat' dir='ltr'>in</span> <span class='ocrx_word' id='word_1_187' title='bbox 790 2981 875 3065; x_wconf 91' lang='lat' dir='ltr'>ipsis</span> <span class='ocrx_word' id='word_1_188' title='bbox 896 2982 1049 3064; x_wconf 81' lang='lat' dir='ltr'>demergi</span> <span class='ocrx_word' id='word_1_189' title='bbox 1074 2982 1254 3065; x_wconf 85' lang='lat' dir='ltr'>suppliciis</span> <span class='ocrx_word' id='word_1_190' title='bbox 1287 3003 1309 3046; x_wconf 93' lang='lat' dir='ltr'>a</span> 
     </span>
     <span class='ocr_line' id='line_1_27' title="bbox 359 3080 1309 3164; baseline 0.006 -23"><span class='ocrx_word' id='word_1_191' title='bbox 359 3080 559 3161; x_wconf 81' lang='lat' dir='ltr'>gigantibus</span> <span class='ocrx_word' id='word_1_192' title='bbox 579 3080 785 3162; x_wconf 79' lang='lat' dir='ltr'>nigerrimis,</span> <span class='ocrx_word' id='word_1_193' title='bbox 812 3081 873 3162; x_wconf 91' lang='lat' dir='ltr'>qui</span> <span class='ocrx_word' id='word_1_194' title='bbox 896 3082 1008 3164; x_wconf 90' lang='lat' dir='ltr'>ipsam</span> <span class='ocrx_word' id='word_1_195' title='bbox 1025 3081 1150 3146; x_wconf 87' lang='lat' dir='ltr'>vallem</span> <span class='ocrx_word' id='word_1_196' title='bbox 1174 3084 1309 3147; x_wconf 88' lang='lat' dir='ltr'>cunctis</span> 
     </span>
     <span class='ocr_line' id='line_1_28' title="bbox 359 3179 1307 3260; baseline 0.006 -20"><span class='ocrx_word' id='word_1_197' title='bbox 359 3179 491 3259; x_wconf 88' lang='lat' dir='ltr'>ignium</span> <span class='ocrx_word' id='word_1_198' title='bbox 517 3180 702 3260; x_wconf 84' lang='lat' dir='ltr'>generibus</span> <span class='ocrx_word' id='word_1_199' title='bbox 728 3179 1010 3259; x_wconf 82' lang='lat' dir='ltr'>inflammabant3</span> <span class='ocrx_word' id='word_1_200' title='bbox 1043 3187 1079 3244; x_wconf 95' lang='lat' dir='ltr'>et</span> <span class='ocrx_word' id='word_1_201' title='bbox 1104 3180 1206 3246; x_wconf 87' lang='lat' dir='ltr'>valde</span> <span class='ocrx_word' id='word_1_202' title='bbox 1238 3189 1307 3246; x_wconf 84' lang='lat' dir='ltr'>tre-</span> 
     </span>
     <span class='ocr_line' id='line_1_29' title="bbox 358 3277 1308 3358; baseline 0.006 -19"><span class='ocrx_word' id='word_1_203' title='bbox 358 3296 466 3354; x_wconf 89' lang='lat' dir='ltr'>mens,</span> <span class='ocrx_word' id='word_1_204' title='bbox 483 3277 646 3358; x_wconf 86' lang='lat' dir='ltr'>glomeris</span> <span class='ocrx_word' id='word_1_205' title='bbox 669 3277 729 3344; x_wconf 91' lang='lat' dir='ltr'>filo</span> <span class='ocrx_word' id='word_1_206' title='bbox 747 3278 963 3344; x_wconf 87' lang='lat' dir='ltr'>illuminante</span> <span class='ocrx_word' id='word_1_207' title='bbox 979 3279 1097 3344; x_wconf 90' lang='lat' dir='ltr'>oculos</span> <span class='ocrx_word' id='word_1_208' title='bbox 1113 3299 1220 3358; x_wconf 88' lang='lat' dir='ltr'>meos,</span> <span class='ocrx_word' id='word_1_209' title='bbox 1236 3281 1308 3345; x_wconf 81' lang='lat' dir='ltr'>vidi</span> 
     </span>
     <span class='ocr_line' id='line_1_30' title="bbox 360 3376 1308 3463; baseline 0.006 -25"><span class='ocrx_word' id='word_1_210' title='bbox 360 3394 382 3438; x_wconf 91' lang='lat' dir='ltr'>a</span> <span class='ocrx_word' id='word_1_211' title='bbox 402 3376 510 3440; x_wconf 87' lang='lat' dir='ltr'>latere</span> <span class='ocrx_word' id='word_1_212' title='bbox 526 3377 626 3440; x_wconf 92' lang='lat' dir='ltr'>vallis</span> <span class='ocrx_word' id='word_1_213' title='bbox 643 3377 819 3460; x_wconf 90' lang='lat' dir='ltr'>paulisper</span> <span class='ocrx_word' id='word_1_214' title='bbox 840 3378 1014 3443; x_wconf 88' lang='lat' dir='ltr'>albescere</span> <span class='ocrx_word' id='word_1_215' title='bbox 1038 3377 1169 3456; x_wconf 87' lang='lat' dir='ltr'>lumen,</span> <span class='ocrx_word' id='word_1_216' title='bbox 1192 3379 1308 3463; x_wconf 90' lang='lat' dir='ltr'>ibique</span> 
     </span>
     <span class='ocr_line' id='line_1_31' title="bbox 359 3472 1308 3558; baseline 0.007 -22"><span class='ocrx_word' id='word_1_217' title='bbox 359 3472 428 3538; x_wconf 94' lang='lat' dir='ltr'>duo</span> <span class='ocrx_word' id='word_1_218' title='bbox 455 3475 568 3540; x_wconf 90' lang='lat' dir='ltr'>fontes</span> <span class='ocrx_word' id='word_1_219' title='bbox 595 3476 702 3553; x_wconf 82' lang='lat' dir='ltr'>suere,</span> <span class='ocrx_word' id='word_1_220' title='bbox 725 3495 870 3558; x_wconf 91' lang='lat' dir='ltr'>quorum</span> <span class='ocrx_word' id='word_1_221' title='bbox 894 3496 982 3541; x_wconf 90' lang='lat' dir='ltr'>uuus</span> <span class='ocrx_word' id='word_1_222' title='bbox 1007 3476 1150 3542; x_wconf 89' lang='lat' dir='ltr'>nimium</span> <span class='ocrx_word' id='word_1_223' title='bbox 1174 3479 1308 3543; x_wconf 88' lang='lat' dir='ltr'>calidus</span> 
     </span>
     <span class='ocr_line' id='line_1_32' title="bbox 359 3575 1308 3659; baseline 0.006 -25"><span class='ocrx_word' id='word_1_224' title='bbox 359 3580 446 3649; x_wconf 90' lang='lat' dir='ltr'>erat,</span> <span class='ocrx_word' id='word_1_225' title='bbox 471 3582 506 3637; x_wconf 89' lang='lat' dir='ltr'>et</span> <span class='ocrx_word' id='word_1_226' title='bbox 530 3575 618 3639; x_wconf 88' lang='lat' dir='ltr'>alter</span> <span class='ocrx_word' id='word_1_227' title='bbox 640 3575 754 3638; x_wconf 90' lang='lat' dir='ltr'>clarus</span> <span class='ocrx_word' id='word_1_228' title='bbox 779 3584 813 3641; x_wconf 90' lang='lat' dir='ltr'>et</span> <span class='ocrx_word' id='word_1_229' title='bbox 833 3576 982 3659; x_wconf 89' lang='lat' dir='ltr'>tepidus,</span> <span class='ocrx_word' id='word_1_230' title='bbox 999 3584 1035 3641; x_wconf 90' lang='lat' dir='ltr'>et</span> <span class='ocrx_word' id='word_1_231' title='bbox 1052 3576 1122 3641; x_wconf 91' lang='lat' dir='ltr'>duo</span> <span class='ocrx_word' id='word_1_232' title='bbox 1146 3576 1241 3643; x_wconf 88' lang='lat' dir='ltr'>dolia</span> <span class='ocrx_word' id='word_1_233' title='bbox 1261 3579 1308 3642; x_wconf 92' lang='lat' dir='ltr'>ibi</span> 
     </span>
     <span class='ocr_line' id='line_1_33' title="bbox 357 3673 1308 3760; baseline 0.009 -28"><span class='ocrx_word' id='word_1_234' title='bbox 357 3678 478 3749; x_wconf 89' lang='lat' dir='ltr'>erant;</span> <span class='ocrx_word' id='word_1_235' title='bbox 502 3691 649 3754; x_wconf 91' lang='lat' dir='ltr'>cumque</span> <span class='ocrx_word' id='word_1_236' title='bbox 670 3673 754 3737; x_wconf 90' lang='lat' dir='ltr'>illuc</span> <span class='ocrx_word' id='word_1_237' title='bbox 777 3675 875 3755; x_wconf 84' lang='lat' dir='ltr'>irem,</span> <span class='ocrx_word' id='word_1_238' title='bbox 900 3675 959 3739; x_wconf 92' lang='lat' dir='ltr'>filo</span> <span class='ocrx_word' id='word_1_239' title='bbox 983 3675 1146 3756; x_wconf 87' lang='lat' dir='ltr'>glomeris</span> <span class='ocrx_word' id='word_1_240' title='bbox 1166 3684 1308 3760; x_wconf 87' lang='lat' dir='ltr'>regente</span> 
     </span>
     <span class='ocr_line' id='line_1_34' title="bbox 357 3772 1308 3858; baseline 0.011 -27"><span class='ocrx_word' id='word_1_241' title='bbox 357 3788 497 3849; x_wconf 86' lang='lat' dir='ltr'>gressus</span> <span class='ocrx_word' id='word_1_242' title='bbox 520 3790 628 3847; x_wconf 89' lang='lat' dir='ltr'>meos,</span> <span class='ocrx_word' id='word_1_243' title='bbox 647 3772 794 3836; x_wconf 89' lang='lat' dir='ltr'>intuitus</span> <span class='ocrx_word' id='word_1_244' title='bbox 816 3793 1054 3858; x_wconf 92' lang='lat' dir='ltr'>superunum,</span> <span class='ocrx_word' id='word_1_245' title='bbox 1070 3776 1128 3839; x_wconf 93' lang='lat' dir='ltr'>ubi</span> <span class='ocrx_word' id='word_1_246' title='bbox 1150 3784 1227 3841; x_wconf 90' lang='lat' dir='ltr'>erat</span> <span class='ocrx_word' id='word_1_247' title='bbox 1241 3776 1308 3841; x_wconf 87' lang='lat' dir='ltr'>ser·</span> 
     </span>
    </p>
   </div>
   <div class='ocr_carea' id='block_1_3' title="bbox 355 3969 1310 4253">
    <p class='ocr_par' dir='ltr' id='par_1_3' title="bbox 355 3969 1310 4253">
     <span class='ocr_line' id='line_1_35' title="bbox 357 3969 1308 4055; baseline 0.012 -26"><span class='ocrx_word' id='word_1_248' title='bbox 357 3973 450 4030; x_wconf 88' lang='lat' dir='ltr'>stare</span> <span class='ocrx_word' id='word_1_249' title='bbox 475 3970 643 4051; x_wconf 89' lang='lat' dir='ltr'>usquead</span> <span class='ocrx_word' id='word_1_250' title='bbox 666 3969 809 4048; x_wconf 81' lang='lat' dir='ltr'>femora,</span> <span class='ocrx_word' id='word_1_251' title='bbox 830 3971 949 4037; x_wconf 89' lang='lat' dir='ltr'>dolore</span> <span class='ocrx_word' id='word_1_252' title='bbox 967 3973 1070 4037; x_wconf 92' lang='lat' dir='ltr'>nimis</span> <span class='ocrx_word' id='word_1_253' title='bbox 1091 3984 1308 4055; x_wconf 86' lang='lat' dir='ltr'>aggravatus</span> 
     </span>
     <span class='ocr_line' id='line_1_36' title="bbox 356 4067 1310 4152; baseline 0.01 -23"><span class='ocrx_word' id='word_1_254' title='bbox 356 4074 392 4130; x_wconf 89' lang='lat' dir='ltr'>et</span> <span class='ocrx_word' id='word_1_255' title='bbox 416 4067 584 4150; x_wconf 88' lang='lat' dir='ltr'>languore</span> <span class='ocrx_word' id='word_1_256' title='bbox 605 4089 801 4152; x_wconf 90' lang='lat' dir='ltr'>percussus,</span> <span class='ocrx_word' id='word_1_257' title='bbox 817 4080 853 4137; x_wconf 89' lang='lat' dir='ltr'>et</span> <span class='ocrx_word' id='word_1_258' title='bbox 869 4071 960 4135; x_wconf 81' lang='lat' dir='ltr'>dixit</span> <span class='ocrx_word' id='word_1_259' title='bbox 984 4072 1028 4136; x_wconf 92' lang='lat' dir='ltr'>ad</span> <span class='ocrx_word' id='word_1_260' title='bbox 1054 4091 1120 4150; x_wconf 90' lang='lat' dir='ltr'>me,</span> <span class='ocrx_word' id='word_1_261' title='bbox 1134 4078 1145 4106; x_wconf 88' lang='lat'><em>‘</em></span> <span class='ocrx_word' id='word_1_262' title='bbox 1159 4072 1310 4139; x_wconf 88' lang='lat' dir='ltr'>Domine</span> 
     </span>
     <span class='ocr_line' id='line_1_37' title="bbox 355 4166 1309 4253; baseline 0.009 -25"><span class='ocrx_word' id='word_1_263' title='bbox 355 4166 414 4242; x_wconf 94' lang='lat' dir='ltr'>mi,</span> <span class='ocrx_word' id='word_1_264' title='bbox 429 4166 567 4244; x_wconf 81' lang='lat' dir='ltr'>carole,</span> <span class='ocrx_word' id='word_1_265' title='bbox 584 4169 655 4233; x_wconf 93' lang='lat' dir='ltr'>noli</span> <span class='ocrx_word' id='word_1_266' title='bbox 672 4171 791 4234; x_wconf 90' lang='lat' dir='ltr'>timere</span> <span class='ocrx_word' id='word_1_267' title='bbox 805 4189 814 4249; x_wconf 86' lang='lat'>3</span> <span class='ocrx_word' id='word_1_268' title='bbox 839 4171 911 4235; x_wconf 91' lang='lat' dir='ltr'>scio</span> <span class='ocrx_word' id='word_1_269' title='bbox 927 4172 1010 4253; x_wconf 92' lang='lat' dir='ltr'>quia</span> <span class='ocrx_word' id='word_1_270' title='bbox 1026 4178 1220 4236; x_wconf 87' lang='lat' dir='ltr'>revertetur</span> <span class='ocrx_word' id='word_1_271' title='bbox 1234 4193 1309 4237; x_wconf 88' lang='lat' dir='ltr'>rur-</span> 
     </span>
    </p>
   </div>
   <div class='ocr_carea' id='block_1_4' title="bbox 0 0 1507 5004">
    <p class='ocr_par' dir='ltr' id='par_1_4' title="bbox 0 0 1507 5004">
     <span class='ocr_line' id='line_1_38' title="bbox 0 0 1507 5004; baseline 0 0"><span class='ocrx_word' id='word_1_272' title='bbox 0 0 1507 5004; x_wconf 95' lang='lat' dir='ltr'> </span> 
     </span>
    </p>
   </div>
  </div>
 </body>
</html>
