3000 5004
471 492 611 541 mouns
636 494 906 545 rusronmnuu.
1100 482 1165 546 387

258 726 308 790 De
322 727 464 792 amicitia
481 729 561 792 iuter
576 751 672 814 repom
688 739 717 794 et
731 730 837 795 ducem
851 731 1105 796 ilementorum

634 838 749 893 enoria.

260 950 365 1015 Anno
391 951 532 1016 Domini
558 969 807 1016 noccoxxvrn.
827 946 916 1016 ¹Leo
936 952 1026 1016 sedit
1047 953 1083 1015 in
1105 971 1327 1074 miltites

208 1049 330 1114 thedra
360 1052 521 1115 Romana
549 1053 725 1116 mensibus
753 1072 828 1115 sex.
890 1052 1020 1115 Eodem
1055 1071 1158 1129 anno,
1174 1072 1296 1113 neuneu„

209 1149 372 1214 defuncto
400 1151 583 1229 Tunfrido‚
611 1150 861 1215 Lichefeldeusi
886 1151 1039 1233 praesuli,
1064 1122 1302 1216 ²lilleii¹id³ssbert

207 1251 385 1314 successit.
438 1250 569 1315 Eodem
596 1259 749 1333 tempore
781 1258 881 1315 tanta
904 1245 1012 1313 ³inter
1042 1271 1158 1332 regem
1171 1223 1256 1271 mm*

206 1348 448 1413 Ethelstanum
471 1358 594 1414 exorta
617 1358 670 1414 est
687 1351 840 1414 amicitia
862 1357 897 1413 et
914 1349 1036 1413 ducem
1063 1350 1155 1414 Nor-

207 1449 354 1512 manniae
372 1450 576 1526 Robertum,
593 1450 685 1531 quod
708 1457 853 1533 uterque
875 1448 911 1512 in
933 1450 1035 1512 rebus
1051 1449 1159 1513 domi.

207 1554 349 1611 naretur
370 1549 513 1612 alterius
534 1556 570 1612 et
588 1551 625 1613 in
647 1550 750 1613 rebus
772 1547 903 1612 bellicis
923 1550 1053 1613 mutuis
1074 1568 1157 1613 con-

207 1646 399 1729 gauderent
413 1649 568 1712 auxiliis.

438 1821 525 1885 Notu
541 1821 728 1885 miraculum
742 1821 779 1885 de
793 1821 925 1885 medam.

255 1943 360 2009 Anno
387 1945 529 2009 Domini
562 1961 791 2009 ncccoxxrrt.
821 1965 883 2009 rex
919 1943 1292 2052 Eth⁰¹⁸t²¹¹¹¹⁸’it{l.l.²dn

206 2044 370 2126 reliquias
401 2054 600 2109 sanctorum
626 2045 724 2126 regni
756 2046 810 2107 sui
843 2045 1011 2109 orationis
1041 2054 1155 2125 gratta
1168 2063 1298 2102 vinnom-

205 2150 322 2224 petere
338 2144 537 2222 decernens,
553 2143 747 2207 Glastoniae
770 2144 964 2207 coenobium
988 2143 1155 2225 imprimis
1167 2113 1265 2162 ‘my'

205 2241 351 2307 devotus
366 2243 500 2326 petivit.
553 2244 640 2306 Erat
656 2250 772 2306 autem
790 2243 836 2305 ibi
854 2243 1012 2326 quaedam
1030 2244 1155 2307 nobilis

205 2349 376 2418 matrona,
399 2344 535 2406 nomine
562 2343 708 2418 Elfleda,
732 2342 844 2423 neptis
873 2342 1025 2425 ejusdem
1050 2343 1154 2423 regiS,

205 2460 284 2524 quas
306 2443 431 2506 marito
449 2441 611 2506 defuncto
628 2441 802 2506 vidualem
820 2441 944 2504 ducere
960 2442 1069 2505 vitam
1092 2461 1154 2505 ex-

203 2548 341 2622 optans,
367 2543 409 2605 ad
434 2541 682 2606 occidentalem
705 2540 854 2604 coenobii
876 2541 1016 2643 plagam
1039 2541 1153 2622 elege-

204 2646 260 2703 rat
271 2642 483 2704 mansionem
497 2661 506 2721 ;
524 2641 599 2705 haec
612 2640 755 2704 foemina
769 2641 931 2722 religiosa
947 2641 1022 2722 regi
1034 2640 1152 2704 Ethel-

204 2744 305 2803 stano
334 2741 517 2822 prandium
547 2740 701 2803 studiose
726 2741 877 2822 paravit,
907 2760 1008 2824 quem
1038 2741 1153 2821 gratia

204 2839 372 2902 orationis
394 2839 613 2904 Glastoniam
637 2847 821 2902 venturum
842 2840 1040 2922 praescivit;
1063 2860 1152 2921 prae-

204 2956 362 3002 cursores
392 2959 476 3003 vero
511 2940 617 3021 regiae
650 2937 970 3015 administrationis,
1004 2939 1152 3001 scientes

204 3037 295 3118 quod
318 3058 381 3102 rex
405 3038 499 3120 nepti
519 3057 592 3101 suae
614 3039 667 3120 [se
690 3037 884 3101 divertendi
907 3055 1013 3099 causa
1034 3036 1152 3118 hospi-

203 3136 299 3199 tandi
319 3137 493 3202 licentiam
514 3137 752 3212 concessisset,
770 3136 841 3217 die]
866 3136 1074 3217 praecedenti
1092 3155 1152 3199 ve-

203 3243 329 3299 nerunt
352 3237 396 3300 ad
411 3237 597 3301 videndum
621 3237 650 3300 si
674 3236 790 3320 omnia
804 3235 999 3299 necessaria
1016 3253 1151 3317 praepa-

202 3341 281 3398 rata
304 3335 474 3416 luissent3
507 3343 553 3413 et,
577 3335 734 3400 omnibns
763 3334 947 3416 diligenter
974 3334 1150 3416 inspectis,

202 3433 365 3499 dixerunt
397 3435 440 3499 ad
466 3435 575 3512 illam,
606 3435 811 3499 ‘Universae
842 3432 1150 3497 administrationis

203 3532 441 3598 sufficientiam
472 3535 591 3612 habes,
622 3535 652 3599 si
679 3533 742 3597 tibi
771 3533 926 3596 medonis
956 3533 1058 3613 copia
1083 3551 1152 3594 non

202 3631 348 3710 deesset,
373 3653 476 3717 quem
503 3655 566 3699 rex
588 3653 693 3717 super
719 3652 838 3696 omnes
859 3633 1011 3714 liquores
1031 3639 1152 3714 potare
1201 3643 1209 3658 ⁸

236 3844 244 3878 ¹
257 3842 329 3915 Lea]
342 3848 384 3897 the
395 3848 473 3911 sixth,
483 3849 545 3898 died
555 3849 626 3911 early
637 3850 664 3898 in
687 3851 795 3898 alliance
813 3850 928 3897 between
945 3848 988 3896 the
1007 3852 1058 3896 two
1080 3861 1153 3896 sove-

201 3918 330 3978 February
342 3922 400 3968 92⁹.
689 3921 773 3980 reigns
792 3933 882 3968 occure
900 3919 926 3966 in
947 3917 989 3966 the
1012 3917 1108 3977 history
1126 3915 1155 3964 ol

235 3984 333 4051 ἘΜ
353 3988 436 4037 called
455 3989 510 4038 also
520 3987 665 4050 Alfwinus3
690 3989 801 4037 William
824 3988 854 4037 of
871 3985 1014 4048 Jumieges,
1041 3987 1068 4035 ii.
1091 3985 1105 4046 ς
1127 3990 1153 4044 6,

201 4057 232 4109 lte
244 4057 488 4120 died,accordingto
497 4057 665 4120 Chesterl'eld,
689 4058 740 4107 and
752 4060 774 4106 is
789 4057 909 4106 recorded
926 4071 955 4105 as
966 4056 1060 4116 having
1076 4053 1153 4102 taken

201 4128 226 4176 in
238 4131 296 4176 944·
690 4128 762 4188 place
769 4126 853 4175 before
860 4130 917 4184 876,
924 4124 1071 4185 fortyeight
1079 4137 1154 4183 years

235 4195 420 4258 'loterregem
432 4197 604 4246 Etdaelotonam
622 4211 665 4244 ex·
691 4196 774 4245 before
794 4195 943 4244 Aethelstan
961 4192 1088 4243 ascended
1111 4191 1152 4240 the

199 4273 253 4316 orto
275 4271 313 4316 eet
334 4266 473 4329 amicitia]
497 4266 560 4317 This
582 4266 666 4315 labled
690 4266 786 4315 throne.

969 4351 1049 4397 202
