3000 5004
353 451 420 518 288
610 466 744 514 uocum
768 467 816 513 nn
838 464 1046 516 wnunovnn

355 628 486 691 bantur
503 635 619 691 tamen
643 628 811 690 clamores
833 647 895 709 per
917 635 1069 709 quatuor
1090 625 1163 690 fere
1184 626 1312 692 millia·

355 728 408 790 ria
424 726 616 803 horribiles,
633 727 801 789 auxilium
820 726 1048 810 postulantes.
1095 726 1174 792 Ista
1189 727 1310 809 itaque

355 845 435 907 quae
449 826 551 889 retuli
568 826 783 889 incredibilia
799 846 869 889 non
885 835 998 904 erunt,
1013 827 1045 889 si
1060 826 1200 908 legatur
1215 827 1309 891 beati

355 944 455 1008 papae
473 925 634 1005 Gregorii
656 925 827 1006 dialogus
846 925 881 988 in
904 946 973 1008 quo
995 925 1112 1003 refert,
1134 925 1313 1002 hominem¹

354 1026 390 1087 in
406 1025 554 1088 ecclesia
570 1023 743 1106 sepultum
760 1044 783 1087 a
793 1025 1007 1088 daemonibus
1024 1024 1118 1089 foras
1133 1024 1305 1108 ejectum:

354 1131 390 1187 et
415 1123 507 1205 apud
530 1124 684 1186 Francos
709 1123 856 1188 Carolus
879 1123 1064 1188 Martellus
1086 1125 1233 1205 insignis
1254 1124 1308 1189 vir

354 1222 578 1297 fortitudinis,
616 1223 676 1304 qui
713 1222 916 1300 Saracenos,
948 1223 1083 1288 Gallias
1117 1223 1306 1304 ingressos,

355 1322 564 1404 Hispaniam
600 1321 710 1386 redire
740 1323 918 1405 compulit,
951 1323 1084 1386 exactis
1115 1323 1198 1387 vitoe
1232 1342 1305 1387 suae

354 1421 486 1498 diebus,
515 1422 551 1484 in
582 1421 728 1485 ecclesia
749 1422 842 1486 beati
865 1422 1027 1504 Dionysii
1049 1421 1177 1503 legitur
1199 1421 1306 1486 fuisse

353 1522 531 1603 sepultus;
561 1519 621 1583 sed
645 1521 728 1602 quia
749 1522 959 1602 patrimonia
976 1540 1054 1585 cum
1070 1521 1211 1585 decimis
1233 1541 1306 1586 om·

354 1619 448 1682 nium
464 1619 535 1682 fere
552 1619 774 1683 ecclesiarum
791 1620 919 1683 Gallie
939 1640 1002 1703 pro
1025 1619 1198 1703 stipendio
1214 1639 1306 1686 com·

353 1718 548 1781 militonum
575 1737 716 1781 suorum
751 1719 986 1796 mutilaverat,
1010 1719 1252 1783 miserabiliter
1282 1738 1305 1782 a

353 1816 513 1897 malignis
525 1817 703 1897 spiritibus
715 1818 758 1882 de
771 1818 954 1900 sepulchro
968 1819 1195 1901 corporaliter
1208 1818 1305 1882 avul-

353 1934 424 1990 sus,
456 1935 567 1999 usque
596 1916 632 1979 iu
663 1916 866 1981 hodiernum
890 1918 980 1982 diem
1011 1936 1184 2001 nusquam
1210 1937 1304 1982 com-

272 2032 278 2047 ·
353 2015 480 2096 paruit.

558 2185 723 2249 Wallmuos
737 2182 776 2248 ob
791 2183 906 2268 Aoplis
921 2185 1100 2249 uincuntur.

191 2354 301 2394 snos.
404 2323 508 2388 Anno
539 2313 680 2390 Domini
714 2340 881 2387 ncoourrr.
914 2342 976 2386 rex
1010 2322 1303 2387 west-saxonum

190 2403 319 2503 ἷυῖᾟιᾷᾞ
353 2423 562 2489 Athelwllus
582 2433 617 2488 et
641 2445 704 2488 rex
729 2424 937 2487 Merciorum
959 2415 1174 2485 'Bernredus
1198 2421 1305 2485 medi-

352 2531 528 2587 terraneos
554 2524 716 2588 Britones
740 2522 830 2586 bello
847 2523 1006 2585 vicerunt
1027 2528 1063 2586 et
1084 2540 1159 2585 suae
1181 2520 1304 2585 ditioni

352 2623 595 2686 submiserunt.

379 2859 422 2925 Ut
436 2881 489 2924 rec
503 2858 692 2943 Atlolwlsor
706 2857 855 2922 domam
870 2858 958 2942 rapui
972 2858 1023 2922 sni
1032 2867 1159 2945 portem
1174 2860 1240 2923 Deo
1253 2867 1282 2923 et

589 3012 592 3019 .
658 2958 772 3021 sanctis
786 2957 850 3041 ejus
864 2956 991 3021 dedcmt.

189 3115 299 3156 aum.
401 3097 506 3163 Anno
539 3099 681 3164 Domini
715 3113 878 3160 occcurv.
908 3097 1070 3161 defuncto
1100 3096 1302 3176 Wimundo,

352 3190 1206 3278 Eboracensiarchiepiscopo,²Wlferussuccessit.
1233 3197 1303 3260 Eo-

350 3297 427 3360 dem
455 3316 547 3362 anno
575 3297 782 3372 Eanbertus,
817 3295 1109 3359 Lindissarnensis
1141 3297 1301 3374 antistes,

350 3395 440 3459 diem
469 3397 595 3460 clausit
617 3404 808 3460 extremum
837 3401 874 3458 et
891 3388 1095 3458 ³Eardulsus
1120 3397 1300 3459 successit.

350 3495 481 3558 Eodem
497 3516 588 3559 anno
603 3515 665 3559 rex
682 3493 886 3575 magnificus
905 3492 1113 3558 Athelwlsus
1132 3494 1300 3558 decimam

348 3595 445 3675 regni
462 3595 515 3657 sui
531 3602 664 3674 partem
679 3594 757 3656 Deo
773 3601 808 3656 et
821 3593 933 3655 beatae
950 3592 1073 3656 Mariae
1091 3601 1127 3656 et
1140 3594 1300 3658 omnibus

348 3693 478 3755 sanctis
493 3692 651 3768 contulit,
673 3691 815 3756 liberam
835 3693 879 3755 ab
901 3692 1059 3755 omnibus
1079 3693 1232 3757 servitiis
1245 3712 1300 3757 se·

383 3977 571 4044 ¹Bernrcdus‚]
583 3981 685 4030 ratber‘
700 3983 810 4043 Burgre·
833 3981 892 4030 died
915 3983 941 4030 iu
964 3985 1022 4031 892.
1059 3981 1109 4030 His
1127 3982 1206 4033 death
1223 3985 1247 4034 ir
1263 3999 1303 4034 re·

345 4051 396 4100 dus
405 4046 420 4109 ;’
437 4052 472 4099 all
495 4067 570 4113 agree
593 4053 619 4099 iu
638 4051 740 4112 placing
758 4050 808 4099 this
832 4051 925 4100 corded
938 4051 1021 4100 below
1032 4052 1059 4099 in
1070 4055 1129 4101 ⁸95.

344 4121 490 4182 expedition
502 4121 585 4168 inthis
596 4135 666 4181 year.
866 4118 877 4151 ⁸
891 4119 1046 4183 Bridama]
1066 4120 1117 4170 llis
1129 4122 1207 4171 death
1219 4124 1243 4173 ie
1260 4136 1300 4173 re-

379 4186 538 4257 'Wlserus.]
556 4191 656 4238 Simeon
674 4203 734 4249 says
751 4189 806 4238 that
831 4190 924 4239 corded
941 4192 975 4251 by
988 4191 1109 4239 Floreuce
1126 4193 1155 4241 in
1170 4196 1230 4255 9⁰⁰,
1247 4193 1299 4243 aud

344 4261 376 4309 he
388 4260 503 4311 received
520 4260 562 4308 tbe
578 4260 632 4322 pall
648 4261 674 4308 in
685 4262 743 4321 8⁵4,
753 4258 805 4307 aud
830 4260 862 4322 by
875 4260 976 4311 Simeon
987 4259 1013 4308 iu
1024 4262 1083 4309 89⁹.
