2932 4980
323 462 391 527 tls
577 475 712 523 aocsar
736 475 785 522 ns
806 473 1020 523 wunnovsn

326 640 362 693 et
386 629 544 706 clericos,
568 637 608 692 ut
627 629 738 710 prius,
760 629 839 692 loco
860 648 979 693 eorum
1009 647 1095 692 cum
1124 626 1284 691 uxoribus

326 727 562 804 induxerunt3
584 747 666 791 nam
688 746 781 790 unus
796 747 928 803 eorum,
947 721 1127 790 ¹Elserius
1145 726 1284 798 nomine,

327 827 444 889 omnia
479 846 580 906 paene
610 827 834 902 monasteria,
864 845 944 907 quae
975 824 1283 888 reverendissimus

329 924 568 986 Ethelwoldus
589 923 625 985 in
647 924 827 1005 provincia
854 924 1070 987 Marciorum
1106 931 1282 985 construx-

328 1031 417 1097 erat,
431 1041 560 1103 magua
573 1042 659 1085 usus
674 1021 872 1097 insolentia,
884 1021 1072 1085 subvertit.
1107 1021 1181 1084 Sed
1193 1040 1284 1101 super

329 1121 384 1184 bis
399 1120 651 1201 quaestionibus
672 1121 718 1182 ad
740 1121 884 1184 beatum
898 1120 1133 1183 Dunstanum
1157 1118 1282 1192 delatis,

330 1219 502 1301 spnodum
532 1220 624 1300 apud
652 1217 871 1281 wintoniam
900 1218 1152 1298 congregavit,
1191 1226 1226 1279 et
1254 1217 1282 1279 iu

330 1317 445 1380 medio
461 1318 612 1399 partium
626 1316 790 1381 confflem
804 1317 1069 1398 disputationis,
1084 1316 1208 1396 imago
1219 1315 1281 1378 Do·

331 1418 472 1487 minica,
493 1435 573 1497 quae
596 1414 847 1479 altercantibus
873 1415 1040 1478 adstabat
1066 1415 1105 1476 in
1134 1414 1283 1487 ecclesia,

332 1534 497 1595 expresse
518 1513 637 1576 locuta
660 1515 712 1577 ita
729 1514 917 1594 allegabat,
933 1513 1028 1594 quod
1050 1512 1202 1576 clericos
1222 1530 1284 1574 om-

333 1632 396 1675 nes
418 1622 454 1674 et
476 1631 595 1674 eorum
617 1611 772 1677 lautores
792 1612 954 1676 confusos
981 1610 1139 1674 reddidit
1156 1618 1194 1674 et
1208 1609 1284 1672 elin·

333 1730 441 1790 gues3
474 1709 536 1772 sed
565 1708 679 1772 adbuc
708 1711 833 1773 animis
865 1717 1073 1772 exactorum
1100 1707 1284 1772 crudelium

333 1827 403 1870 non
431 1807 574 1882 sedatis,
605 1808 676 1870 alia
708 1808 864 1890 synodus
894 1807 1016 1871 Calnae
1049 1807 1284 1880 constituitur,

333 1907 394 1968 ubi
410 1924 489 1967 cum
503 1907 540 1967 in
556 1906 752 1981 coenaculo,
768 1907 911 1970 absente
925 1925 1008 1986 rege
1023 1914 1174 1987 propter
1187 1905 1285 1968 imbe-

334 2005 448 2068 cillem
472 2013 625 2079 atatem,
647 2004 904 2068 considentibus
926 2004 1036 2067 totius
1064 2005 1169 2085 regni
1192 2021 1284 2066 sena·

337 2104 482 2178 toribus,
504 2122 631 2183 magno
656 2103 820 2167 conflictu
845 2102 925 2165 binc
952 2101 1034 2166 inde
1059 2102 1283 2184 allegantium

337 2223 394 2265 res
416 2211 589 2282 ageretur,
613 2209 648 2264 et
663 2201 887 2265 Dunstanum
904 2201 1007 2282 quasi
1031 2200 1194 2265 ecclesiae
1216 2218 1285 2262 mu·

338 2321 414 2364 rum
443 2301 629 2364 multorum
651 2300 773 2382 jacula
803 2299 1038 2364 conviciorum
1069 2299 1284 2382 impeterent,

338 2418 402 2462 nec
431 2401 620 2474 vincerent,
652 2398 819 2462 solarium
849 2398 965 2461 subito
995 2405 1125 2473 totum,
1153 2399 1190 2460 in
1221 2414 1283 2478 quo

335 2495 575 2572 considebant,
589 2516 667 2560 eum
692 2497 820 2560 axibus
843 2494 1047 2559 dissolvitur
1066 2504 1103 2559 et
1120 2495 1283 2568 trabibus,

335 2595 562 2675 omnibusque
591 2597 627 2656 in
656 2603 784 2658 terram
811 2594 1024 2657 truculenter
1046 2594 1157 2670 elisis,
1179 2587 1284 2656 'solus

336 2691 543 2755 Dunstauus
560 2701 657 2754 stans
679 2713 785 2774 super
798 2711 902 2756 unam
916 2711 995 2773 quae
1012 2701 1194 2775 superstes
1214 2699 1282 2754 erat

338 2791 483 2864 trabem,
513 2791 645 2872 absque
672 2792 815 2856 laesione
848 2792 980 2867 evasit3
1017 2790 1139 2854 caeteri
1172 2801 1283 2854 omnes

338 2890 448 2971 partis
465 2887 621 2952 adverse
637 2889 694 2953 vel
716 2890 906 2953 exanimati
928 2897 1022 2964 sunt,
1040 2889 1098 2952 vel
1120 2888 1282 2970 languore

339 2996 507 3071 perpetuo
521 2997 604 3050 suut
620 2988 762 3052 detenti.
816 2987 897 3053 Hoc
913 2987 1119 3051 miraculum
1142 2985 1282 3050 contulit

339 3106 459 3169 paoem
484 3088 588 3150 beato
613 3086 800 3150 Dunstano
827 3094 863 3149 et
885 3085 1064 3149 monacbis
1088 3087 1135 3149 ab
1160 3086 1283 3166 impetu

339 3186 541 3249 clericorum
558 3194 595 3249 et
610 3184 776 3262 aliorum;
799 3184 914 3266 gratia
926 3184 1013 3259 baec,
1028 3192 1064 3247 et
1080 3183 1137 3248 bis
1151 3183 1283 3255 similia.

339 3292 505 3366 operante
518 3283 646 3347 divina.
811 3286 813 3291 '

500 3455 621 3518 &metu
636 3452 800 3538 apparuit,
814 3461 843 3516 et
850 3453 955 3536 sames
967 3461 1070 3516 uecta
1084 3463 1139 3516 est.

392 3574 495 3640 Anno
519 3577 661 3640 Domini
681 3569 1095 3638 nccccnm1.³cometa
1118 3575 1287 3658 apparuit,

339 3684 374 3737 et
388 3674 464 3737 dira
478 3675 586 3738 sames
602 3676 788 3738 subsecuta
802 3681 867 3736 est.
906 3673 1034 3736 Eodem
1054 3667 1287 3738 anuo⁴Bene·

1199 3789 1285 3798 -—

376 3843 383 3873 ¹
397 3846 527 3908 Byrrius]
546 3847 596 3895 llis
615 3853 765 3909 repentanoe
781 3849 804 3895 is
864 3844 1008 3910 ⁸Cmta.]
1024 3847 1080 3896 'l'be
1090 3853 1174 3896 comet
1190 3847 1239 3895 and
1255 3847 1290 3894 fa·

339 3914 439 3961 notioed
450 3914 530 3961 below
544 3917 568 3961 in
580 3920 637 3963 978.
829 3916 895 3964 mine
906 3931 949 3964 are
956 3914 1034 3963 found
1042 3918 1069 3963 in
1076 3917 1118 3966 tbe
1128 3918 1190 3966 Su.
1197 3916 1287 3966 cam

375 3981 469 4031 'Soles
477 3983 620 4031 Derdam
627 3980 717 4051 sm]
730 3986 804 4033 Com·
829 3985 878 4033 aud
891 3985 1060 4046 blalmsbury.

339 4067 400 4114 pare
411 4052 454 4100 the
462 4058 582 4100 accounts
594 4053 623 4100 ot
631 4053 681 4099 tbis
692 4054 806 4114 miracle,

339 4139 369 4171 as
388 4122 466 4171 found
483 4123 509 4169 in
529 4122 698 4180 blalmsbury,
709 4137 736 4182 p.
747 4127 805 4183 258,
864 4117 1057 4190 ‘Benedictasfl
1074 4123 1118 4172 tbe
1129 4123 1232 4172 serentb
1242 4139 1249 4180 ;
1260 4122 1290 4169 be

339 4193 389 4239 aud
401 4192 523 4241 Osbern's
533 4191 577 4239 life
592 4191 622 4238 ot*
637 4191 766 4252 Dunstan,
776 4209 804 4254 p.
829 4192 898 4253 died,
917 4192 1053 4253 according
1069 4198 1097 4240 to
1112 4194 1246 4253 Baruuius,
1260 4205 1291 4239 on

341 4264 396 4309 ns.
816 4234 872 4315 itm
884 4261 942 4310 toth
953 4262 1019 4322 tuly
1030 4265 1089 4310 oss.
