3000 5004
402 484 542 532 iconas
568 483 837 533 ursrosmnuu.
1029 470 1095 535 505

55 717 57 721 y
144 639 226 703 fatis
242 639 371 704 diaboli
393 641 573 719 ministris,
590 640 699 705 sacris
716 640 908 723 virginibus
926 661 988 724 per
1004 660 1094 704 mar·
1107 656 1253 749 ffi‘ffss‘

143 739 271 822 tyrium
300 740 344 803 ad
370 740 524 804 caelestia
552 759 661 821 regna
682 740 884 821 translatis;
915 748 996 823 post
1019 719 1228 804 haecsfonvdi

143 838 281 921 quidem
297 840 485 922 permulta
507 858 674 903 annorum
697 840 880 916 curricula,
896 840 962 903 sub
979 847 1095 922 potes·

144 945 217 1002 tate
242 938 421 1001 Danorum
448 938 638 1001 infidelium
667 940 806 1020 regione
833 938 895 1001 illa
918 939 1095 1018 devoluta,

145 1037 258 1100 sancti
276 1038 437 1120 martyris
452 1038 619 1101 memoria
633 1038 770 1119 penitus
788 1057 810 1100 a
825 1038 998 1102 mentibus
1014 1058 1094 1121 pro-

144 1135 344 1199 vincialium
360 1143 414 1200 est
430 1136 565 1229 deleta3
588 1135 727 1200 tandem
745 1135 913 1219 paulatim
931 1137 1095 1201 redeunte

144 1233 296 1298 fidelium
311 1234 508 1311 devotione,
530 1243 565 1299 et
587 1235 666 1299 fidei
688 1243 909 1299 excrescente
931 1235 1094 1317 puritate,

145 1334 329 1416 episcopus
348 1333 415 1399 loci
438 1334 486 1398 ibi
507 1335 543 1396 in
559 1334 704 1398 ecclesia
721 1334 788 1399 Dei
805 1335 982 1416 genitricis
998 1355 1094 1417 pras-

144 1433 284 1515 byteros
302 1433 426 1497 statuit
440 1441 475 1498 et
490 1432 646 1510 clericos,
663 1435 723 1515 qui
741 1433 1010 1517 provincialibus
1031 1453 1095 1517 pa·

145 1531 317 1596 rochianis
347 1531 466 1596 divina
502 1533 667 1615 mysteria
700 1533 924 1597 celebrarent.
975 1533 1096 1598 Jacuit

145 1631 277 1694 interea
291 1639 424 1714 martyr
439 1632 671 1709 beatissimus,
691 1632 820 1715 cespite
842 1632 1021 1715 abjectiori
1038 1640 1095 1697 tu·

146 1730 310 1808 mulatus,
342 1750 453 1812 usque
484 1732 521 1794 in
555 1740 711 1815 tempora
745 1731 926 1813 Egelwini,
961 1730 1095 1795 Dunel·

147 1831 273 1893 mensis
288 1830 459 1912 praesulis,
473 1839 508 1894 et
520 1824 661 1907 ¹Tostii,
676 1830 1095 1896 Northanhumbrensium

146 1930 293 2006 comitis,
308 1930 367 2012 qui
382 1937 463 2012 post
477 1929 682 2007 Siwardum,
698 1951 766 1995 non
781 1929 1002 1994 haereditaria
1018 1950 1095 1994 suc·

147 2029 314 2106 cessione,
330 2030 390 2092 sed
414 2029 505 2110 regis
524 2028 708 2093 Eadwardi
730 2028 928 2104 donatione,
945 2029 1096 2092 obtinuit

146 2128 360 2190 comitatum.
413 2126 553 2191 Placuit
573 2129 681 2209 igitur
701 2128 828 2191 divinae
849 2127 984 2209 pietati,
1005 2148 1095 2210 prae·

146 2225 238 2289 dicto
266 2225 429 2308 pontifice
452 2227 601 2303 vivente,
625 2227 718 2289 beati
745 2226 907 2308 martyris
930 2227 1095 2308 reliquias

145 2324 181 2386 in
204 2324 328 2401 lucem,
351 2324 395 2387 ad
418 2325 526 2388 totius
551 2325 705 2388 ecclesiae
727 2333 946 2408 proventum,
962 2324 1095 2403 efferre,

146 2430 184 2487 ut
199 2423 341 2487 lucerna
361 2424 421 2486 diu
443 2424 642 2489 submodio
664 2424 865 2501 constituta,
886 2443 991 2507 snper
1012 2442 1095 2487 can-

145 2522 324 2586 delabrum
350 2542 507 2600 accensa,
527 2522 740 2587 infidelitatis
760 2524 920 2588 tenebras
941 2523 1094 2588 illustra-

145 2630 209 2686 ret.
263 2622 349 2686 Erat
371 2630 486 2687 autem
509 2622 658 2686 aedituus
675 2622 816 2704 quidam
838 2623 1013 2704 praedictae
1036 2641 1094 2687 ec-

145 2720 273 2798 clesiae,
299 2721 334 2785 in
360 2742 430 2804 qua
456 2741 582 2804 corpus
610 2723 703 2786 beati
727 2723 889 2804 martyris
915 2721 1095 2787 humatum

145 2819 271 2897 suerat,
285 2822 423 2885 nomine
441 2821 678 2899 Eadmundus,
692 2822 747 2885 vir
761 2821 898 2904 quidem
912 2823 1096 2903 religiosus

145 2925 181 2983 et
202 2906 309 2984 beato
326 2921 471 3002 martyri
493 2921 652 2997 devotus,
670 2919 742 3002 qui,
759 2919 840 2983 licet
863 2939 932 2982 non
954 2921 996 2984 de
1021 2941 1097 2984 cor·

109 3087 113 3093 ,
144 3036 228 3098 pore
248 3018 395 3101 alicujus
412 3019 613 3080 monasterii
634 3018 736 3081 titulo
758 3017 982 3098 professionis
1004 3027 1096 3083 esset

145 3118 345 3192 adstrictus
369 3116 489 3179 babitu
511 3125 628 3179 tamon
653 3116 828 3197 religionis
851 3114 965 3179 fuerat
985 3117 1094 3199 insig-

145 3217 261 3294 nitus;
295 3215 350 3279 bic
379 3223 479 3280 nocte
505 3214 667 3297 quadam,
693 3234 771 3277 cum
797 3222 876 3297 post
908 3223 1096 3279 nocturnas

147 3315 282 3396 vigilias
305 3316 341 3377 in
363 3315 510 3378 ecclesia
534 3314 687 3377 membra
712 3315 828 3395 sopori
851 3313 1014 3390 dedisset,
1033 3314 1095 3378 ad·

145 3415 235 3479 stitit
258 3416 289 3478 ei
312 3414 366 3478 vir
391 3414 532 3496 quidam
554 3419 690 3476 statura
717 3432 880 3494 procerus
905 3420 941 3477 et
965 3414 1095 3477 caelesti

146 3513 281 3595 fulgore
311 3514 513 3595 praeclarus,
546 3513 607 3595 qui
636 3513 702 3576 viri
733 3532 859 3575 nomen
898 3513 1095 3594 exprimens

47 3604 55 3619 ⁰
146 3613 248 3690 dixit,
282 3618 293 3647 ⁴
309 3613 432 3677 Frater
448 3611 664 3689 Eadmunde,
678 3612 785 3675 frater
801 3612 1015 3689 Eadmunde,
1029 3632 1095 3694 ego

146 3732 224 3775 sum
256 3732 319 3776 rex
346 3713 520 3790 Oswinus,
547 3711 608 3794 qui
639 3712 674 3774 in
706 3711 771 3775 hac
808 3711 954 3775 ecclesia
979 3711 1096 3794 jaceo,

146 3812 304 3875 omnibus
330 3812 549 3894 incognitus3
584 3831 730 3894 surgens
754 3831 838 3893 ergo
861 3811 916 3874 dic
940 3812 1097 3893 pontifici

146 3910 338 3992 Egelwino‚
356 3919 395 3975 ut
414 3912 451 3974 in
470 3911 574 3995 hujus
592 3911 733 3974 oratorii
750 3913 949 3994 pavimento
970 3931 1098 3994 corpus

182 4176 314 4239 ¹Toetii.]
345 4177 386 4225 He
409 4176 549 4225 succeeded
570 4176 608 4224 Si·
633 4176 752 4224 Florence
776 4176 826 4224 aud
848 4176 891 4223 the
913 4177 974 4226 Sex.
994 4176 1099 4240 Chion,

145 4247 216 4295 ward
234 4248 261 4295 in
274 4250 347 4309 1055,
358 4247 418 4309 and,
432 4246 567 4309 according
583 4249 609 4294 to
634 4261 689 4295 was
699 4246 828 4296 oudawed
839 4246 866 4293 in
879 4249 950 4294 loce.
