2932 4980
343 460 407 524 160
597 474 731 523 nocem
756 474 802 521 nu
825 472 1032 523 wrnuovun

346 631 550 710 anfbero,
568 631 774 696 Marciorum
791 652 884 714 rege,
900 632 1139 714 episcopatum
1159 629 1302 695 Londo-

345 734 498 796 niensem
515 752 644 815 magno
661 741 813 814 emptum
831 731 943 815 pretio
964 729 1176 813 adquisivit;
1208 730 1302 794 unde

343 839 580 914 postmortem
596 833 632 895 in
648 833 889 914 episcoporum
901 831 989 895 serie
1001 829 1300 895 londoniensium

343 952 413 996 non
428 933 555 996 meruit
571 931 752 996 recenseri.

476 1104 630 1169 Contentio
645 1104 727 1169 inter
741 1105 895 1168 Romame
909 1112 938 1168 el
956 1104 1156 1169 Conuenient.

283 1281 290 1294 .
393 1226 498 1292 Anuo
516 1228 639 1309 gratiae
656 1244 821 1292 ncuxvu.
833 1221 1021 1293 ¹Coustaus
1034 1229 1226 1310 imperator
1234 1248 1299 1292 vo-

342 1327 416 1391 lens
436 1329 472 1390 in
498 1329 581 1392 urbe
600 1327 761 1392 Romana
781 1335 888 1409 caput
910 1328 1045 1411 imperii
1069 1328 1295 1405 constituere,

342 1428 515 1491 resistitur
541 1428 573 1492 ei
599 1448 621 1491 a
644 1426 1051 1510 Constantinopolitanis,
1074 1425 1195 1509 sicque
1216 1427 1295 1511 ejus

342 1527 555 1609 propositum
585 1526 722 1608 penitus
744 1534 937 1591 enervatur.
990 1526 1125 1591 Deinde
1142 1525 1294 1590 Romam

219 1613 257 1691 ⁸.
341 1626 496 1703 veniens,
513 1626 640 1691 obtulit
655 1633 777 1691 sancto
803 1625 910 1690 Petro
933 1625 1076 1709 pallium
1099 1645 1187 1690 auro
1210 1645 1294 1689 cou-

341 1732 488 1802 textum,
505 1745 606 1807 quem
628 1744 721 1808 papa
736 1725 935 1791 Vitalianus
958 1745 1036 1789 cum
1062 1724 1194 1789 honore
1215 1744 1294 1789 sus-

341 1824 484 1905 cipiere,
515 1824 560 1887 ad
593 1824 712 1889 limina
741 1825 853 1889 sancti
885 1824 983 1888 Petri
1008 1825 1043 1889 in
1067 1843 1197 1907 magna
1228 1845 1293 1908 pc·

340 1923 413 2005 puli
442 1923 636 2006 frequentia
660 1924 844 2007 perduxit3
878 1931 915 1989 et
941 1943 1020 1988 cum
1045 1925 1081 1988 iu
1114 1925 1200 1989 urbe
1228 1944 1291 2006 per

339 2022 413 2087 dies
438 2023 617 2088 duodecim
642 2023 838 2101 resedisset,
863 2043 991 2105 magna
1015 2031 1129 2088 tactus
1153 2023 1288 2107 cupidi-

341 2129 424 2200 tate,
456 2124 572 2187 omnia
603 2130 882 2187 ornamentorum
913 2143 1042 2205 genera
1073 2143 1120 2187 ex
1154 2142 1225 2188 aere
1254 2132 1289 2188 et

340 2242 521 2300 marmore,
548 2222 673 2306 quibus
699 2223 782 2286 urbs
807 2222 1046 2300 decorabatur,
1068 2222 1106 2305 in
1134 2222 1288 2288 'Tiberim

339 2322 491 2399 devexit,
520 2329 559 2385 ut
580 2340 622 2385 ea
639 2322 976 2404 Constantinopolim
1001 2321 1174 2402 adferret;
1198 2323 1289 2387 inter

339 2441 418 2503 quae
450 2421 628 2485 basilicam
657 2423 769 2485 beatae
795 2422 862 2486 Dei
891 2422 1069 2503 genitricis
1099 2420 1227 2487 Mariae
1254 2430 1289 2486 et

338 2520 490 2584 omnium
506 2529 709 2603 martyrum,
723 2540 801 2602 quae
818 2520 1001 2585 Pantheon
1017 2520 1212 2602 antiquitus
1230 2542 1289 2587 vo·

339 2620 494 2696 cabatur,
512 2621 611 2683 aereis
628 2620 754 2702 tegulis
771 2620 1017 2704 discooperuit,
1032 2628 1069 2684 et
1085 2619 1288 2687 Constanti·

338 2717 491 2801 nopolim
509 2720 687 2784 remeavit.

341 2899 512 2963 Theodotus
547 2902 779 2965 Cantauriensis
810 2876 1055 2987 arolbpueopue
1084 2911 1289 2977 momatur,

386 2999 441 3084 qai
463 3000 585 3085 expulso
606 3001 721 3079 Gadda,
737 3000 925 3066 Elorum·
947 2998 1185 3086 archiepiscopo,
1207 3001 1288 3066 Wil-

378 3099 509 3183 fridum
526 3101 687 3165 revocavit.

173 3239 285 3329 pm
387 3221 491 3287 Anno
508 3225 631 3306 gratiae
645 3217 1159 3308 ncuxv111.papa²Vitaliauus
1173 3225 1220 3289 ad
1235 3244 1286 3288 ec·

174 3322 475 3429 aeuroorclesiam
491 3322 775 3389 cantuariensem
791 3323 1010 3387 Theodorum
1025 3323 1202 3388 ordinavit
1216 3324 1286 3407 epi·

220 3390 310 3440 Μ’
335 3442 497 3504 scopum3
526 3426 586 3505 qui
610 3431 688 3507 post
716 3423 930 3487 biennium
920 3442 956 3485 ιιι
983 3421 1204 3486 Britanniam
1227 3443 1285 3488 ve·

335 3523 447 3599 niens,
483 3522 636 3588 Ceddam
668 3524 780 3588 virum
819 3529 976 3586 sanctum
1013 3529 1049 3585 et
1077 3521 1285 3598 modestum,

334 3778 374 3826 bis
397 3776 533 3837 bisbopric,
555 3778 604 3827 aud
634 3780 726 3839 passed
754 3779 811 3828 the
823 3779 1106 3841 constantinopolitana.
1154 3780 1234 3845 Pagi,
1253 3783 1286 3833 ud

334 3852 387 3895 rest
406 3846 436 3895 oi
454 3845 494 3894 his
516 3846 589 3894 lile
583 3862 609 3895 ru
628 3849 796 3900 winchester.
822 3864 863 3899 au.
875 3853 924 3898 668
925 3849 994 3911 ,βλ

334 3915 631 3978 Augl.Sacr.1.p.192.
857 3884 1285 4001 ’Vuiluauuumtemme

369 3982 378 4015 ¹
404 3986 523 4033 Curatum
548 3976 708 4053 imperuim]
735 3986 797 4035 'l'his
821 3989 938 4049 electior,
955 3990 1075 4050 jouruey,
1099 3989 1152 4038 and
1180 3996 1238 4041 acts
1260 3989 1290 4041 uf

334 4061 408 4105 event
426 4057 449 4104 is
467 4056 558 4116 placed
570 4058 604 4117 by
615 4057 730 4118 sigebert
746 4056 796 4104 aud
821 4057 951 4106 Theodoro
967 4072 1010 4107 are
1024 4059 1147 4108 recorded
1158 4060 1193 4121 by
1205 4061 1287 4121 Beda,

333 4125 524 4176 otlrersiuddtl.
560 4126 614 4175 The
631 4131 688 4188 part
698 4125 796 4175 thathe
821 4124 988 4191 §254-258.
1025 4127 1068 4177 He
1083 4128 1145 4178 died
1165 4133 1197 4179 lu
1216 4131 1287 4193 Sept.

333 4195 385 4245 bad
402 4195 480 4244 taken
503 4197 529 4244 iu
550 4195 592 4245 the
612 4195 796 4245 Monolhelitau
820 4200 878 4247 690.
915 4197 964 4247 See
979 4197 1288 4265 alsoMubillou,Auual.

333 4265 423 4327 hereuy
440 4265 514 4315 made
533 4265 585 4315 him
604 4267 695 4316 odiens
711 4273 737 4315 to
753 4265 796 4314 the
820 4267 849 4316 ii.
860 4281 887 4328 p.
898 4270 956 4318 086.
