<?xml version="1.0" encoding="UTF-8"?>
<!DOCTYPE html PUBLIC "-//W3C//DTD XHTML 1.0 Transitional//EN"
    "http://www.w3.org/TR/xhtml1/DTD/xhtml1-transitional.dtd">
<html xmlns="http://www.w3.org/1999/xhtml" xml:lang="en" lang="en">
 <head>
  <title>
</title>
<meta http-equiv="Content-Type" content="text/html;charset=utf-8" />
  <meta name='ocr-system' content='tesseract 3.04.00' />
  <meta name='ocr-capabilities' content='ocr_page ocr_carea ocr_par ocr_line ocrx_word'/>
</head>
<body>
  <div class='ocr_page' id='page_1' title='image "./rogeridewendove05rogegoog_0089.png"; bbox 0 0 2932 4980; ppageno 0'>
   <div class='ocr_carea' id='block_1_1' title="bbox 332 450 1022 513">
    <p class='ocr_par' dir='ltr' id='par_1_1' title="bbox 332 450 1022 513">
     <span class='ocr_line' id='line_1_1' title="bbox 332 450 1022 513; baseline -0.004 -1"><span class='ocrx_word' id='word_1_1' title='bbox 332 450 376 513; x_wconf 73' lang='lat' dir='ltr'><strong>ll</strong></span> <span class='ocrx_word' id='word_1_2' title='bbox 588 464 720 511; x_wconf 81' lang='lat' dir='ltr'><strong>uocum</strong></span> <span class='ocrx_word' id='word_1_3' title='bbox 746 464 791 511; x_wconf 88' lang='lat' dir='ltr'><strong>nn</strong></span> <span class='ocrx_word' id='word_1_4' title='bbox 815 462 1022 511; x_wconf 81' lang='lat' dir='ltr'><strong>wnunovnn</strong></span> 
     </span>
    </p>
   </div>
   <div class='ocr_carea' id='block_1_2' title="bbox 174 616 1301 3485">
    <p class='ocr_par' dir='ltr' id='par_1_2' title="bbox 174 616 1301 3485">
     <span class='ocr_line' id='line_1_2' title="bbox 333 616 1301 701; baseline 0.002 -20"><span class='ocrx_word' id='word_1_5' title='bbox 333 619 450 683; x_wconf 88' lang='lat' dir='ltr'><strong>debito</strong></span> <span class='ocrx_word' id='word_1_6' title='bbox 473 621 641 683; x_wconf 78' lang='lat' dir='ltr'><strong>venerari.</strong></span> <span class='ocrx_word' id='word_1_7' title='bbox 693 618 794 684; x_wconf 82' lang='lat' dir='ltr'><strong>Tunc</strong></span> <span class='ocrx_word' id='word_1_8' title='bbox 819 618 1002 695; x_wconf 85' lang='lat' dir='ltr'><strong>Merlinus,</strong></span> <span class='ocrx_word' id='word_1_9' title='bbox 1027 616 1301 701; x_wconf 86' lang='lat' dir='ltr'><strong>aliquantulum</strong></span> 
     </span>
     <span class='ocr_line' id='line_1_3' title="bbox 335 718 1300 801; baseline 0.002 -20"><span class='ocrx_word' id='word_1_10' title='bbox 335 720 369 781; x_wconf 94' lang='lat' dir='ltr'><strong>in</strong></span> <span class='ocrx_word' id='word_1_11' title='bbox 392 721 505 782; x_wconf 82' lang='lat' dir='ltr'><strong>extasi</strong></span> <span class='ocrx_word' id='word_1_12' title='bbox 529 721 655 783; x_wconf 88' lang='lat' dir='ltr'><strong>mentis</strong></span> <span class='ocrx_word' id='word_1_13' title='bbox 681 720 829 801; x_wconf 90' lang='lat' dir='ltr'><strong>positus,</strong></span> <span class='ocrx_word' id='word_1_14' title='bbox 854 718 993 783; x_wconf 85' lang='lat' dir='ltr'><strong>tan&#39;dem</strong></span> <span class='ocrx_word' id='word_1_15' title='bbox 1018 718 1225 801; x_wconf 90' lang='lat' dir='ltr'><strong>respondit,</strong></span> <span class='ocrx_word' id='word_1_16' title='bbox 1247 718 1300 783; x_wconf 92' lang='lat' dir='ltr'><strong>di-</strong></span> 
     </span>
     <span class='ocr_line' id='line_1_4' title="bbox 334 818 1299 903; baseline 0.004 -24"><span class='ocrx_word' id='word_1_17' title='bbox 334 837 429 894; x_wconf 90' lang='lat' dir='ltr'><strong>cens,</strong></span> <span class='ocrx_word' id='word_1_18' title='bbox 444 819 501 882; x_wconf 88' lang='lat' dir='ltr'><strong>‘Si</strong></span> <span class='ocrx_word' id='word_1_19' title='bbox 518 819 681 894; x_wconf 85' lang='lat' dir='ltr'><strong>volneris,</strong></span> <span class='ocrx_word' id='word_1_20' title='bbox 695 818 833 882; x_wconf 84' lang='lat' dir='ltr'><strong>domine</strong></span> <span class='ocrx_word' id='word_1_21' title='bbox 846 818 893 881; x_wconf 92' lang='lat' dir='ltr'><strong>mi</strong></span> <span class='ocrx_word' id='word_1_22' title='bbox 907 837 982 894; x_wconf 81' lang='lat' dir='ltr'><strong>rex,</strong></span> <span class='ocrx_word' id='word_1_23' title='bbox 995 836 1104 901; x_wconf 86' lang='lat' dir='ltr'><strong>opere</strong></span> <span class='ocrx_word' id='word_1_24' title='bbox 1119 828 1299 903; x_wconf 86' lang='lat' dir='ltr'><strong>perpetuo</strong></span> 
     </span>
     <span class='ocr_line' id='line_1_5' title="bbox 333 910 1298 1000; baseline 0.002 -21"><span class='ocrx_word' id='word_1_25' title='bbox 333 918 546 999; x_wconf 80' lang='lat' dir='ltr'><strong>sepulturam</strong></span> <span class='ocrx_word' id='word_1_26' title='bbox 560 919 735 993; x_wconf 83' lang='lat' dir='ltr'><strong>decorare,</strong></span> <span class='ocrx_word' id='word_1_27' title='bbox 745 918 843 982; x_wconf 88' lang='lat' dir='ltr'><strong>mitte</strong></span> <span class='ocrx_word' id='word_1_28' title='bbox 859 936 922 1000; x_wconf 89' lang='lat' dir='ltr'><strong>pro</strong></span> <span class='ocrx_word' id='word_1_29' title='bbox 932 910 1075 981; x_wconf 84' lang='lat' dir='ltr'><strong>¹eborea</strong></span> <span class='ocrx_word' id='word_1_30' title='bbox 1088 918 1298 999; x_wconf 78' lang='lat' dir='ltr'><strong>gigantum,</strong></span> 
     </span>
     <span class='ocr_line' id='line_1_6' title="bbox 174 1012 1296 1099; baseline 0.002 -20"><span class='ocrx_word' id='word_1_31' title='bbox 174 1036 314 1089; x_wconf 60' lang='lat' dir='ltr'><strong>emesena.</strong></span> <span class='ocrx_word' id='word_1_32' title='bbox 334 1036 412 1099; x_wconf 83' lang='lat' dir='ltr'><strong>quse</strong></span> <span class='ocrx_word' id='word_1_33' title='bbox 434 1026 488 1081; x_wconf 91' lang='lat' dir='ltr'><strong>est</strong></span> <span class='ocrx_word' id='word_1_34' title='bbox 509 1018 543 1080; x_wconf 95' lang='lat' dir='ltr'><strong>in</strong></span> <span class='ocrx_word' id='word_1_35' title='bbox 558 1012 752 1093; x_wconf 63' lang='lat' dir='ltr'><strong>&#39;Killamm</strong></span> <span class='ocrx_word' id='word_1_36' title='bbox 768 1023 885 1081; x_wconf 89' lang='lat' dir='ltr'><strong>monte</strong></span> <span class='ocrx_word' id='word_1_37' title='bbox 907 1014 1100 1093; x_wconf 79' lang='lat' dir='ltr'><strong>Hiberniae,</strong></span> <span class='ocrx_word' id='word_1_38' title='bbox 1116 1018 1181 1081; x_wconf 90' lang='lat' dir='ltr'><strong>nbi</strong></span> <span class='ocrx_word' id='word_1_39' title='bbox 1211 1018 1296 1081; x_wconf 87' lang='lat' dir='ltr'><strong>talis</strong></span> 
     </span>
     <span class='ocr_line' id='line_1_7' title="bbox 334 1113 1294 1200; baseline 0.002 -21"><span class='ocrx_word' id='word_1_40' title='bbox 334 1125 388 1180; x_wconf 85' lang='lat' dir='ltr'><strong>est</strong></span> <span class='ocrx_word' id='word_1_41' title='bbox 409 1116 561 1198; x_wconf 89' lang='lat' dir='ltr'><strong>lapidum</strong></span> <span class='ocrx_word' id='word_1_42' title='bbox 584 1124 760 1181; x_wconf 87' lang='lat' dir='ltr'><strong>structura</strong></span> <span class='ocrx_word' id='word_1_43' title='bbox 776 1115 915 1200; x_wconf 88' lang='lat' dir='ltr'><strong>qualem</strong></span> <span class='ocrx_word' id='word_1_44' title='bbox 941 1135 1042 1179; x_wconf 90' lang='lat' dir='ltr'><strong>nemo</strong></span> <span class='ocrx_word' id='word_1_45' title='bbox 1065 1113 1178 1199; x_wconf 87' lang='lat' dir='ltr'><strong>hujus</strong></span> <span class='ocrx_word' id='word_1_46' title='bbox 1204 1126 1294 1181; x_wconf 84' lang='lat' dir='ltr'><strong>aeta·</strong></span> 
     </span>
     <span class='ocr_line' id='line_1_8' title="bbox 335 1212 1293 1298; baseline 0.001 -18"><span class='ocrx_word' id='word_1_47' title='bbox 335 1216 380 1280; x_wconf 88' lang='lat' dir='ltr'><strong>tis</strong></span> <span class='ocrx_word' id='word_1_48' title='bbox 405 1216 514 1280; x_wconf 89' lang='lat' dir='ltr'><strong>oculis</strong></span> <span class='ocrx_word' id='word_1_49' title='bbox 543 1216 733 1298; x_wconf 83' lang='lat' dir='ltr'><strong>prospexit.</strong></span> <span class='ocrx_word' id='word_1_50' title='bbox 786 1214 945 1279; x_wconf 83' lang='lat' dir='ltr'><strong>Grandes</strong></span> <span class='ocrx_word' id='word_1_51' title='bbox 974 1222 1058 1279; x_wconf 88' lang='lat' dir='ltr'><strong>sunt</strong></span> <span class='ocrx_word' id='word_1_52' title='bbox 1089 1212 1236 1297; x_wconf 85' lang='lat' dir='ltr'><strong>lapides</strong></span> <span class='ocrx_word' id='word_1_53' title='bbox 1258 1226 1293 1281; x_wconf 84' lang='lat' dir='ltr'><strong>et</strong></span> 
     </span>
     <span class='ocr_line' id='line_1_9' title="bbox 335 1312 1293 1397; baseline 0.003 -20"><span class='ocrx_word' id='word_1_54' title='bbox 335 1316 536 1379; x_wconf 88' lang='lat' dir='ltr'><strong>mirabiliter</strong></span> <span class='ocrx_word' id='word_1_55' title='bbox 553 1314 725 1391; x_wconf 89' lang='lat' dir='ltr'><strong>collocati,</strong></span> <span class='ocrx_word' id='word_1_56' title='bbox 747 1314 821 1395; x_wconf 92' lang='lat' dir='ltr'><strong>qni,</strong></span> <span class='ocrx_word' id='word_1_57' title='bbox 837 1316 867 1378; x_wconf 90' lang='lat' dir='ltr'><strong>si</strong></span> <span class='ocrx_word' id='word_1_58' title='bbox 881 1334 924 1379; x_wconf 88' lang='lat' dir='ltr'><strong>eo</strong></span> <span class='ocrx_word' id='word_1_59' title='bbox 939 1312 1041 1379; x_wconf 92' lang='lat' dir='ltr'><strong>modo</strong></span> <span class='ocrx_word' id='word_1_60' title='bbox 1063 1312 1123 1377; x_wconf 87' lang='lat' dir='ltr'><strong>bie</strong></span> <span class='ocrx_word' id='word_1_61' title='bbox 1143 1334 1222 1397; x_wconf 86' lang='lat' dir='ltr'><strong>quo</strong></span> <span class='ocrx_word' id='word_1_62' title='bbox 1244 1316 1293 1380; x_wconf 91' lang='lat' dir='ltr'><strong>ibi</strong></span> 
     </span>
     <span class='ocr_line' id='line_1_10' title="bbox 335 1412 1293 1496; baseline 0.002 -19"><span class='ocrx_word' id='word_1_63' title='bbox 335 1424 417 1478; x_wconf 87' lang='lat' dir='ltr'><strong>sunt</strong></span> <span class='ocrx_word' id='word_1_64' title='bbox 442 1416 547 1496; x_wconf 90' lang='lat' dir='ltr'><strong>positi</strong></span> <span class='ocrx_word' id='word_1_65' title='bbox 577 1414 683 1478; x_wconf 88' lang='lat' dir='ltr'><strong>locati</strong></span> <span class='ocrx_word' id='word_1_66' title='bbox 710 1414 850 1489; x_wconf 86' lang='lat' dir='ltr'><strong>fuerint,</strong></span> <span class='ocrx_word' id='word_1_67' title='bbox 871 1413 1016 1477; x_wconf 85' lang='lat' dir='ltr'><strong>stabunt</strong></span> <span class='ocrx_word' id='word_1_68' title='bbox 1041 1412 1078 1475; x_wconf 92' lang='lat' dir='ltr'><strong>in</strong></span> <span class='ocrx_word' id='word_1_69' title='bbox 1099 1420 1293 1489; x_wconf 85' lang='lat' dir='ltr'><strong>aeternnm,</strong></span> 
     </span>
     <span class='ocr_line' id='line_1_11' title="bbox 334 1509 1292 1596; baseline 0.002 -19"><span class='ocrx_word' id='word_1_70' title='bbox 334 1523 370 1577; x_wconf 88' lang='lat' dir='ltr'><strong>et</strong></span> <span class='ocrx_word' id='word_1_71' title='bbox 398 1514 652 1577; x_wconf 85' lang='lat' dir='ltr'><strong>memorabilem</strong></span> <span class='ocrx_word' id='word_1_72' title='bbox 677 1512 804 1578; x_wconf 85' lang='lat' dir='ltr'><strong>sacient</strong></span> <span class='ocrx_word' id='word_1_73' title='bbox 834 1510 1072 1596; x_wconf 59' lang='lat' dir='ltr'><strong>sepulturam?</strong></span> <span class='ocrx_word' id='word_1_74' title='bbox 1123 1509 1184 1575; x_wconf 79' lang='lat' dir='ltr'><strong>Ad</strong></span> <span class='ocrx_word' id='word_1_75' title='bbox 1214 1513 1292 1579; x_wconf 80' lang='lat' dir='ltr'><strong>boee</strong></span> 
     </span>
     <span class='ocr_line' id='line_1_12' title="bbox 336 1609 1292 1695; baseline 0.002 -20"><span class='ocrx_word' id='word_1_76' title='bbox 336 1612 500 1676; x_wconf 81' lang='lat' dir='ltr'><strong>Aurelius</strong></span> <span class='ocrx_word' id='word_1_77' title='bbox 512 1614 546 1675; x_wconf 94' lang='lat' dir='ltr'><strong>in</strong></span> <span class='ocrx_word' id='word_1_78' title='bbox 557 1614 628 1676; x_wconf 90' lang='lat' dir='ltr'><strong>risu</strong></span> <span class='ocrx_word' id='word_1_79' title='bbox 639 1612 773 1677; x_wconf 89' lang='lat' dir='ltr'><strong>solutus</strong></span> <span class='ocrx_word' id='word_1_80' title='bbox 784 1612 933 1676; x_wconf 87' lang='lat' dir='ltr'><strong>Merlino</strong></span> <span class='ocrx_word' id='word_1_81' title='bbox 944 1609 1137 1695; x_wconf 87' lang='lat' dir='ltr'><strong>respondit,</strong></span> <span class='ocrx_word' id='word_1_82' title='bbox 1147 1616 1159 1647; x_wconf 81' lang='lat'><strong>⁴</strong></span> <span class='ocrx_word' id='word_1_83' title='bbox 1171 1610 1292 1677; x_wconf 87' lang='lat' dir='ltr'><strong>Num·</strong></span> 
     </span>
     <span class='ocr_line' id='line_1_13' title="bbox 334 1708 1291 1793; baseline 0.006 -22"><span class='ocrx_word' id='word_1_84' title='bbox 334 1711 416 1791; x_wconf 84' lang='lat' dir='ltr'><strong>quid</strong></span> <span class='ocrx_word' id='word_1_85' title='bbox 443 1712 576 1793; x_wconf 89' lang='lat' dir='ltr'><strong>lapides</strong></span> <span class='ocrx_word' id='word_1_86' title='bbox 602 1712 782 1775; x_wconf 73' lang='lat' dir='ltr'><strong>Hiberniae</strong></span> <span class='ocrx_word' id='word_1_87' title='bbox 810 1711 969 1775; x_wconf 87' lang='lat' dir='ltr'><strong>meliores</strong></span> <span class='ocrx_word' id='word_1_88' title='bbox 999 1718 1082 1775; x_wconf 89' lang='lat' dir='ltr'><strong>sunt</strong></span> <span class='ocrx_word' id='word_1_89' title='bbox 1105 1708 1291 1793; x_wconf 77' lang='lat' dir='ltr'><strong>lapidibus</strong></span> 
     </span>
     <span class='ocr_line' id='line_1_14' title="bbox 334 1808 1291 1893; baseline 0.004 -20"><span class='ocrx_word' id='word_1_90' title='bbox 334 1811 435 1873; x_wconf 89' lang='lat' dir='ltr'><strong>istius</strong></span> <span class='ocrx_word' id='word_1_91' title='bbox 455 1811 617 1891; x_wconf 81' lang='lat' dir='ltr'><strong>regionis,</strong></span> <span class='ocrx_word' id='word_1_92' title='bbox 642 1820 680 1875; x_wconf 94' lang='lat' dir='ltr'><strong>ut</strong></span> <span class='ocrx_word' id='word_1_93' title='bbox 698 1831 743 1874; x_wconf 90' lang='lat' dir='ltr'><strong>ex</strong></span> <span class='ocrx_word' id='word_1_94' title='bbox 761 1819 832 1874; x_wconf 82' lang='lat' dir='ltr'><strong>tam</strong></span> <span class='ocrx_word' id='word_1_95' title='bbox 854 1811 1043 1893; x_wconf 83' lang='lat' dir='ltr'><strong>longinquo</strong></span> <span class='ocrx_word' id='word_1_96' title='bbox 1065 1808 1111 1873; x_wconf 86' lang='lat' dir='ltr'><strong>ad</strong></span> <span class='ocrx_word' id='word_1_97' title='bbox 1140 1810 1291 1877; x_wconf 80' lang='lat' dir='ltr'><strong>Britan·</strong></span> 
     </span>
     <span class='ocr_line' id='line_1_15' title="bbox 335 1908 1290 1993; baseline 0.006 -21"><span class='ocrx_word' id='word_1_98' title='bbox 335 1912 426 1974; x_wconf 90' lang='lat' dir='ltr'><strong>niam</strong></span> <span class='ocrx_word' id='word_1_99' title='bbox 458 1910 710 1975; x_wconf 83' lang='lat' dir='ltr'><strong>veherenturl&#39;</strong></span> <span class='ocrx_word' id='word_1_100' title='bbox 761 1909 817 1974; x_wconf 85' lang='lat' dir='ltr'><strong>Ad</strong></span> <span class='ocrx_word' id='word_1_101' title='bbox 851 1930 953 1993; x_wconf 91' lang='lat' dir='ltr'><strong>quem</strong></span> <span class='ocrx_word' id='word_1_102' title='bbox 984 1908 1170 1987; x_wconf 86' lang='lat' dir='ltr'><strong>Merlinus,</strong></span> <span class='ocrx_word' id='word_1_103' title='bbox 1202 1910 1290 1977; x_wconf 84' lang='lat' dir='ltr'><strong>‘Ne</strong></span> 
     </span>
     <span class='ocr_line' id='line_1_16' title="bbox 334 2006 1290 2092; baseline 0.003 -19"><span class='ocrx_word' id='word_1_104' title='bbox 334 2031 475 2087; x_wconf 78' lang='lat' dir='ltr'><strong>vanum,</strong></span> <span class='ocrx_word' id='word_1_105' title='bbox 491 2030 566 2086; x_wconf 88' lang='lat' dir='ltr'><strong>rex,</strong></span> <span class='ocrx_word' id='word_1_106' title='bbox 580 2030 721 2075; x_wconf 82' lang='lat' dir='ltr'><strong>moveas</strong></span> <span class='ocrx_word' id='word_1_107' title='bbox 739 2010 867 2090; x_wconf 81' lang='lat' dir='ltr'><strong>risum3</strong></span> <span class='ocrx_word' id='word_1_108' title='bbox 884 2028 964 2073; x_wconf 91' lang='lat' dir='ltr'><strong>nam</strong></span> <span class='ocrx_word' id='word_1_109' title='bbox 978 2006 1114 2092; x_wconf 87' lang='lat' dir='ltr'><strong>mystici</strong></span> <span class='ocrx_word' id='word_1_110' title='bbox 1131 2019 1220 2074; x_wconf 90' lang='lat' dir='ltr'><strong>sunt</strong></span> <span class='ocrx_word' id='word_1_111' title='bbox 1235 2011 1290 2076; x_wconf 82' lang='lat' dir='ltr'><strong>ls-</strong></span> 
     </span>
     <span class='ocr_line' id='line_1_17' title="bbox 336 2106 1291 2191; baseline 0.004 -20"><span class='ocrx_word' id='word_1_112' title='bbox 336 2110 444 2191; x_wconf 88' lang='lat' dir='ltr'><strong>pides‚</strong></span> <span class='ocrx_word' id='word_1_113' title='bbox 459 2119 493 2174; x_wconf 91' lang='lat' dir='ltr'><strong>et</strong></span> <span class='ocrx_word' id='word_1_114' title='bbox 516 2111 560 2173; x_wconf 91' lang='lat' dir='ltr'><strong>ad</strong></span> <span class='ocrx_word' id='word_1_115' title='bbox 578 2111 716 2173; x_wconf 84' lang='lat' dir='ltr'><strong>diversa</strong></span> <span class='ocrx_word' id='word_1_116' title='bbox 732 2109 981 2173; x_wconf 88' lang='lat' dir='ltr'><strong>medicamenta</strong></span> <span class='ocrx_word' id='word_1_117' title='bbox 1001 2106 1173 2173; x_wconf 79' lang='lat' dir='ltr'><strong>salubres.</strong></span> <span class='ocrx_word' id='word_1_118' title='bbox 1221 2108 1291 2175; x_wconf 88' lang='lat' dir='ltr'><strong>Gi·</strong></span> 
     </span>
     <span class='ocr_line' id='line_1_18' title="bbox 334 2206 1290 2292; baseline 0.005 -21"><span class='ocrx_word' id='word_1_119' title='bbox 334 2220 458 2289; x_wconf 70' lang='lat' dir='ltr'><strong>gantes</strong></span> <span class='ocrx_word' id='word_1_120' title='bbox 475 2229 535 2272; x_wconf 90' lang='lat' dir='ltr'><strong>eos</strong></span> <span class='ocrx_word' id='word_1_121' title='bbox 551 2210 632 2273; x_wconf 93' lang='lat' dir='ltr'><strong>olim</strong></span> <span class='ocrx_word' id='word_1_122' title='bbox 650 2209 921 2292; x_wconf 87' lang='lat' dir='ltr'><strong>adportaverunt</strong></span> <span class='ocrx_word' id='word_1_123' title='bbox 938 2228 983 2273; x_wconf 84' lang='lat' dir='ltr'><strong>ex</strong></span> <span class='ocrx_word' id='word_1_124' title='bbox 1000 2206 1131 2271; x_wconf 83' lang='lat' dir='ltr'><strong>ultimis</strong></span> <span class='ocrx_word' id='word_1_125' title='bbox 1154 2208 1290 2275; x_wconf 88' lang='lat' dir='ltr'><strong>linibus</strong></span> 
     </span>
     <span class='ocr_line' id='line_1_19' title="bbox 335 2306 1289 2390; baseline 0.004 -20"><span class='ocrx_word' id='word_1_126' title='bbox 335 2306 463 2373; x_wconf 83' lang='lat' dir='ltr'><strong>Al&#39;ricae</strong></span> <span class='ocrx_word' id='word_1_127' title='bbox 486 2309 635 2390; x_wconf 83' lang='lat' dir='ltr'><strong>regionis</strong></span> <span class='ocrx_word' id='word_1_128' title='bbox 652 2309 735 2385; x_wconf 91' lang='lat' dir='ltr'><strong>illic,</strong></span> <span class='ocrx_word' id='word_1_129' title='bbox 752 2317 791 2371; x_wconf 87' lang='lat' dir='ltr'><strong>nt</strong></span> <span class='ocrx_word' id='word_1_130' title='bbox 811 2308 935 2371; x_wconf 89' lang='lat' dir='ltr'><strong>balnea</strong></span> <span class='ocrx_word' id='word_1_131' title='bbox 949 2306 1040 2372; x_wconf 86' lang='lat' dir='ltr'><strong>infra</strong></span> <span class='ocrx_word' id='word_1_132' title='bbox 1054 2307 1152 2389; x_wconf 89' lang='lat' dir='ltr'><strong>ipsos</strong></span> <span class='ocrx_word' id='word_1_133' title='bbox 1174 2310 1289 2374; x_wconf 84' lang='lat' dir='ltr'><strong>eonii·</strong></span> 
     </span>
     <span class='ocr_line' id='line_1_20' title="bbox 332 2407 1289 2488; baseline 0.004 -17"><span class='ocrx_word' id='word_1_134' title='bbox 332 2418 462 2485; x_wconf 88' lang='lat' dir='ltr'><strong>eerent,</strong></span> <span class='ocrx_word' id='word_1_135' title='bbox 497 2429 576 2473; x_wconf 92' lang='lat' dir='ltr'><strong>eum</strong></span> <span class='ocrx_word' id='word_1_136' title='bbox 609 2410 714 2472; x_wconf 86' lang='lat' dir='ltr'><strong>variis</strong></span> <span class='ocrx_word' id='word_1_137' title='bbox 746 2407 1005 2472; x_wconf 88' lang='lat' dir='ltr'><strong>infirmitatibus</strong></span> <span class='ocrx_word' id='word_1_138' title='bbox 1037 2416 1289 2488; x_wconf 75' lang='lat' dir='ltr'><strong>gravarentur.</strong></span> 
     </span>
     <span class='ocr_line' id='line_1_21' title="bbox 334 2504 1290 2590; baseline 0.004 -21"><span class='ocrx_word' id='word_1_139' title='bbox 334 2508 516 2571; x_wconf 73' lang='lat' dir='ltr'><strong>lavabant</strong></span> <span class='ocrx_word' id='word_1_140' title='bbox 542 2527 691 2589; x_wconf 88' lang='lat' dir='ltr'><strong>namque</strong></span> <span class='ocrx_word' id='word_1_141' title='bbox 711 2507 843 2590; x_wconf 87' lang='lat' dir='ltr'><strong>lapides</strong></span> <span class='ocrx_word' id='word_1_142' title='bbox 869 2526 947 2571; x_wconf 91' lang='lat' dir='ltr'><strong>cum</strong></span> <span class='ocrx_word' id='word_1_143' title='bbox 964 2506 1070 2571; x_wconf 84' lang='lat' dir='ltr'><strong>variis</strong></span> <span class='ocrx_word' id='word_1_144' title='bbox 1094 2504 1290 2573; x_wconf 83' lang='lat' dir='ltr'><strong>herbarum</strong></span> 
     </span>
     <span class='ocr_line' id='line_1_22' title="bbox 332 2606 1286 2681; baseline 0.004 -12"><span class='ocrx_word' id='word_1_145' title='bbox 332 2606 604 2671; x_wconf 85' lang='lat' dir='ltr'><strong>confectionibus</strong></span> <span class='ocrx_word' id='word_1_146' title='bbox 624 2615 658 2670; x_wconf 88' lang='lat' dir='ltr'><strong>et</strong></span> <span class='ocrx_word' id='word_1_147' title='bbox 682 2608 873 2671; x_wconf 84' lang='lat' dir='ltr'><strong>tundebant</strong></span> <span class='ocrx_word' id='word_1_148' title='bbox 895 2606 932 2670; x_wconf 93' lang='lat' dir='ltr'><strong>in</strong></span> <span class='ocrx_word' id='word_1_149' title='bbox 953 2606 1090 2681; x_wconf 87' lang='lat' dir='ltr'><strong>balnea,</strong></span> <span class='ocrx_word' id='word_1_150' title='bbox 1102 2606 1200 2671; x_wconf 91' lang='lat' dir='ltr'><strong>unde</strong></span> <span class='ocrx_word' id='word_1_151' title='bbox 1221 2628 1286 2673; x_wconf 88' lang='lat' dir='ltr'><strong>cn·</strong></span> 
     </span>
     <span class='ocr_line' id='line_1_23' title="bbox 334 2704 1288 2789; baseline 0.007 -22"><span class='ocrx_word' id='word_1_152' title='bbox 334 2706 501 2769; x_wconf 72' lang='lat' dir='ltr'><strong>ralrautur</strong></span> <span class='ocrx_word' id='word_1_153' title='bbox 532 2707 679 2789; x_wconf 47' lang='lat' dir='ltr'><strong>atemoth</strong></span> <span class='ocrx_word' id='word_1_154' title='bbox 704 2727 766 2771; x_wconf 89' lang='lat' dir='ltr'><strong>nec</strong></span> <span class='ocrx_word' id='word_1_155' title='bbox 796 2715 849 2770; x_wconf 88' lang='lat' dir='ltr'><strong>est</strong></span> <span class='ocrx_word' id='word_1_156' title='bbox 879 2706 927 2769; x_wconf 92' lang='lat' dir='ltr'><strong>ibi</strong></span> <span class='ocrx_word' id='word_1_157' title='bbox 955 2706 1045 2787; x_wconf 88' lang='lat' dir='ltr'><strong>lapis</strong></span> <span class='ocrx_word' id='word_1_158' title='bbox 1074 2704 1135 2787; x_wconf 90' lang='lat' dir='ltr'><strong>qni</strong></span> <span class='ocrx_word' id='word_1_159' title='bbox 1160 2718 1288 2773; x_wconf 80' lang='lat' dir='ltr'><strong>careat</strong></span> 
     </span>
     <span class='ocr_line' id='line_1_24' title="bbox 334 2804 1288 2887; baseline 0.005 -20"><span class='ocrx_word' id='word_1_160' title='bbox 334 2805 526 2869; x_wconf 67' lang='lat' dir='ltr'><strong>medicina!</strong></span> <span class='ocrx_word' id='word_1_161' title='bbox 591 2805 748 2887; x_wconf 85' lang='lat' dir='ltr'><strong>Cumque</strong></span> <span class='ocrx_word' id='word_1_162' title='bbox 778 2806 851 2869; x_wconf 83' lang='lat' dir='ltr'><strong>haec</strong></span> <span class='ocrx_word' id='word_1_163' title='bbox 887 2804 1065 2869; x_wconf 84' lang='lat' dir='ltr'><strong>audissent</strong></span> <span class='ocrx_word' id='word_1_164' title='bbox 1100 2804 1288 2886; x_wconf 86' lang='lat' dir='ltr'><strong>Britones,</strong></span> 
     </span>
     <span class='ocr_line' id='line_1_25' title="bbox 333 2902 1288 2989; baseline 0.001 -20"><span class='ocrx_word' id='word_1_165' title='bbox 333 2926 397 2987; x_wconf 88' lang='lat' dir='ltr'><strong>pro</strong></span> <span class='ocrx_word' id='word_1_166' title='bbox 419 2906 591 2987; x_wconf 87' lang='lat' dir='ltr'><strong>lapidibus</strong></span> <span class='ocrx_word' id='word_1_167' title='bbox 615 2905 752 2969; x_wconf 85' lang='lat' dir='ltr'><strong>mittere</strong></span> <span class='ocrx_word' id='word_1_168' title='bbox 769 2905 1015 2983; x_wconf 82' lang='lat' dir='ltr'><strong>decreverunt3</strong></span> <span class='ocrx_word' id='word_1_169' title='bbox 1038 2902 1182 2983; x_wconf 77' lang='lat' dir='ltr'><strong>eligitur</strong></span> <span class='ocrx_word' id='word_1_170' title='bbox 1198 2925 1288 2989; x_wconf 80' lang='lat' dir='ltr'><strong>ergo</strong></span> 
     </span>
     <span class='ocr_line' id='line_1_26' title="bbox 337 3001 1287 3087; baseline 0.001 -18"><span class='ocrx_word' id='word_1_171' title='bbox 337 3006 365 3069; x_wconf 92' lang='lat' dir='ltr'>U</span> <span class='ocrx_word' id='word_1_172' title='bbox 370 3014 422 3069; x_wconf 87' lang='lat' dir='ltr'><strong>ter</strong></span> <span class='ocrx_word' id='word_1_173' title='bbox 448 3006 555 3069; x_wconf 89' lang='lat' dir='ltr'><strong>l&#39;rater</strong></span> <span class='ocrx_word' id='word_1_174' title='bbox 579 3007 683 3087; x_wconf 81' lang='lat' dir='ltr'><strong>regis,</strong></span> <span class='ocrx_word' id='word_1_175' title='bbox 709 3024 786 3068; x_wconf 89' lang='lat' dir='ltr'><strong>cum</strong></span> <span class='ocrx_word' id='word_1_176' title='bbox 812 3004 1008 3086; x_wconf 91' lang='lat' dir='ltr'><strong>quindecim</strong></span> <span class='ocrx_word' id='word_1_177' title='bbox 1039 3001 1195 3067; x_wconf 89' lang='lat' dir='ltr'><strong>millibus</strong></span> <span class='ocrx_word' id='word_1_178' title='bbox 1225 3024 1287 3070; x_wconf 86' lang='lat' dir='ltr'><strong>ar-</strong></span> 
     </span>
     <span class='ocr_line' id='line_1_27' title="bbox 331 3102 1288 3187; baseline 0.002 -18"><span class='ocrx_word' id='word_1_179' title='bbox 331 3116 516 3183; x_wconf 85' lang='lat' dir='ltr'><strong>matorum,</strong></span> <span class='ocrx_word' id='word_1_180' title='bbox 539 3106 612 3187; x_wconf 91' lang='lat' dir='ltr'><strong>qui,</strong></span> <span class='ocrx_word' id='word_1_181' title='bbox 628 3105 659 3167; x_wconf 89' lang='lat' dir='ltr'><strong>si</strong></span> <span class='ocrx_word' id='word_1_182' title='bbox 684 3106 728 3168; x_wconf 87' lang='lat' dir='ltr'><strong>ab</strong></span> <span class='ocrx_word' id='word_1_183' title='bbox 746 3104 864 3187; x_wconf 91' lang='lat' dir='ltr'><strong>aliquo</strong></span> <span class='ocrx_word' id='word_1_184' title='bbox 879 3102 1139 3186; x_wconf 86' lang='lat' dir='ltr'><strong>impedirentur,</strong></span> <span class='ocrx_word' id='word_1_185' title='bbox 1155 3104 1288 3185; x_wconf 70' lang='lat' dir='ltr'><strong>praelio</strong></span> 
     </span>
     <span class='ocr_line' id='line_1_28' title="bbox 331 3200 1288 3289; baseline -0.001 -19"><span class='ocrx_word' id='word_1_186' title='bbox 331 3207 464 3289; x_wconf 89' lang='lat' dir='ltr'><strong>lapides</strong></span> <span class='ocrx_word' id='word_1_187' title='bbox 486 3206 731 3288; x_wconf 86' lang='lat' dir='ltr'><strong>adportarent3</strong></span> <span class='ocrx_word' id='word_1_188' title='bbox 756 3204 898 3286; x_wconf 80' lang='lat' dir='ltr'><strong>eligitur</strong></span> <span class='ocrx_word' id='word_1_189' title='bbox 912 3210 948 3267; x_wconf 88' lang='lat' dir='ltr'><strong>et</strong></span> <span class='ocrx_word' id='word_1_190' title='bbox 964 3200 1147 3277; x_wconf 80' lang='lat' dir='ltr'><strong>Mer-linus,</strong></span> <span class='ocrx_word' id='word_1_191' title='bbox 1163 3212 1209 3268; x_wconf 88' lang='lat' dir='ltr'><strong>ut</strong></span> <span class='ocrx_word' id='word_1_192' title='bbox 1231 3204 1288 3287; x_wconf 89' lang='lat' dir='ltr'><strong>ip-</strong></span> 
     </span>
     <span class='ocr_line' id='line_1_29' title="bbox 330 3299 1288 3388; baseline 0 -19"><span class='ocrx_word' id='word_1_193' title='bbox 330 3307 402 3369; x_wconf 77' lang='lat' dir='ltr'><strong>sius</strong></span> <span class='ocrx_word' id='word_1_194' title='bbox 431 3308 571 3388; x_wconf 84' lang='lat' dir='ltr'><strong>ingenio</strong></span> <span class='ocrx_word' id='word_1_195' title='bbox 600 3305 717 3368; x_wconf 91' lang='lat' dir='ltr'><strong>omnia</strong></span> <span class='ocrx_word' id='word_1_196' title='bbox 748 3309 942 3384; x_wconf 83' lang='lat' dir='ltr'><strong>agerentur.</strong></span> <span class='ocrx_word' id='word_1_197' title='bbox 1001 3299 1141 3364; x_wconf 74' lang='lat' dir='ltr'><strong>Par-atis</strong></span> <span class='ocrx_word' id='word_1_198' title='bbox 1169 3301 1288 3385; x_wconf 76' lang='lat' dir='ltr'><strong>igitur</strong></span> 
     </span>
     <span class='ocr_line' id='line_1_30' title="bbox 331 3401 1286 3485; baseline 0.002 -18"><span class='ocrx_word' id='word_1_199' title='bbox 331 3406 476 3469; x_wconf 78' lang='lat' dir='ltr'><strong>navibus</strong></span> <span class='ocrx_word' id='word_1_200' title='bbox 499 3426 593 3469; x_wconf 87' lang='lat' dir='ltr'><strong>mare</strong></span> <span class='ocrx_word' id='word_1_201' title='bbox 613 3403 866 3485; x_wconf 81' lang='lat' dir='ltr'><strong>ingrediuntur,</strong></span> <span class='ocrx_word' id='word_1_202' title='bbox 889 3410 924 3465; x_wconf 90' lang='lat' dir='ltr'><strong>et</strong></span> <span class='ocrx_word' id='word_1_203' title='bbox 939 3401 1025 3464; x_wconf 89' lang='lat' dir='ltr'><strong>velis</strong></span> <span class='ocrx_word' id='word_1_204' title='bbox 1046 3402 1227 3483; x_wconf 85' lang='lat' dir='ltr'><strong>prosperis</strong></span> <span class='ocrx_word' id='word_1_205' title='bbox 1247 3404 1286 3469; x_wconf 90' lang='lat' dir='ltr'><strong>in</strong></span> 
     </span>
    </p>
   </div>
   <div class='ocr_carea' id='block_1_3' title="bbox 331 3494 1289 3778">
    <p class='ocr_par' dir='ltr' id='par_1_3' title="bbox 331 3494 1289 3778">
     <span class='ocr_line' id='line_1_31' title="bbox 331 3494 1287 3586; baseline 0.002 -19"><span class='ocrx_word' id='word_1_206' title='bbox 331 3504 535 3569; x_wconf 90' lang='lat' dir='ltr'><strong>iliberniam</strong></span> <span class='ocrx_word' id='word_1_207' title='bbox 552 3509 797 3586; x_wconf 81' lang='lat' dir='ltr'><strong>pervenerunt.</strong></span> <span class='ocrx_word' id='word_1_208' title='bbox 831 3500 988 3584; x_wconf 86' lang='lat' dir='ltr'><strong>Cumque</strong></span> <span class='ocrx_word' id='word_1_209' title='bbox 1003 3494 1287 3569; x_wconf 83' lang='lat' dir='ltr'><strong>³Gillomannius</strong></span> 
     </span>
     <span class='ocr_line' id='line_1_32' title="bbox 332 3603 1289 3683; baseline -0.002 -18"><span class='ocrx_word' id='word_1_210' title='bbox 332 3624 392 3665; x_wconf 85' lang='lat' dir='ltr'><strong>rex</strong></span> <span class='ocrx_word' id='word_1_211' title='bbox 427 3603 606 3667; x_wconf 68' lang='lat' dir='ltr'><strong>Hiberniae</strong></span> <span class='ocrx_word' id='word_1_212' title='bbox 634 3604 805 3666; x_wconf 85' lang='lat' dir='ltr'><strong>adventus</strong></span> <span class='ocrx_word' id='word_1_213' title='bbox 835 3619 954 3665; x_wconf 88' lang='lat' dir='ltr'><strong>eorum</strong></span> <span class='ocrx_word' id='word_1_214' title='bbox 981 3616 1121 3663; x_wconf 85' lang='lat' dir='ltr'><strong>causam</strong></span> <span class='ocrx_word' id='word_1_215' title='bbox 1149 3618 1289 3683; x_wconf 82' lang='lat' dir='ltr'><strong>eogno-</strong></span> 
     </span>
     <span class='ocr_line' id='line_1_33' title="bbox 332 3698 1287 3778; baseline 0.005 -15"><span class='ocrx_word' id='word_1_216' title='bbox 332 3702 452 3776; x_wconf 86' lang='lat' dir='ltr'><strong>visset,</strong></span> <span class='ocrx_word' id='word_1_217' title='bbox 478 3702 699 3765; x_wconf 87' lang='lat' dir='ltr'><strong>adstantibus</strong></span> <span class='ocrx_word' id='word_1_218' title='bbox 721 3702 822 3778; x_wconf 81' lang='lat' dir='ltr'><strong>dixit,</strong></span> <span class='ocrx_word' id='word_1_219' title='bbox 848 3700 1015 3764; x_wconf 87' lang='lat' dir='ltr'><strong>‘Armate</strong></span> <span class='ocrx_word' id='word_1_220' title='bbox 1037 3717 1100 3762; x_wconf 88' lang='lat' dir='ltr'><strong>vos</strong></span> <span class='ocrx_word' id='word_1_221' title='bbox 1118 3698 1199 3777; x_wconf 86' lang='lat' dir='ltr'><strong>viri,</strong></span> <span class='ocrx_word' id='word_1_222' title='bbox 1228 3722 1287 3768; x_wconf 80' lang='lat' dir='ltr'><strong>ar·</strong></span> 
     </span>
    </p>
   </div>
   <div class='ocr_carea' id='block_1_4' title="bbox 325 3964 1291 4310">
    <p class='ocr_par' dir='ltr' id='par_1_4' title="bbox 325 3964 1291 4310">
     <span class='ocr_line' id='line_1_34' title="bbox 365 3964 1290 4032; baseline 0.005 -16"><span class='ocrx_word' id='word_1_223' title='bbox 365 3964 372 3998; x_wconf 94' lang='lat'><strong>¹</strong></span> <span class='ocrx_word' id='word_1_224' title='bbox 387 3968 479 4017; x_wconf 73' lang='lat' dir='ltr'><strong>shores</strong></span> <span class='ocrx_word' id='word_1_225' title='bbox 486 3969 639 4032; x_wconf 70' lang='lat' dir='ltr'><strong>gigantum]</strong></span> <span class='ocrx_word' id='word_1_226' title='bbox 656 3970 703 4018; x_wconf 83' lang='lat' dir='ltr'><strong>See</strong></span> <span class='ocrx_word' id='word_1_227' title='bbox 715 3970 790 4020; x_wconf 86' lang='lat' dir='ltr'><strong>Cam·</strong></span> <span class='ocrx_word' id='word_1_228' title='bbox 800 3978 802 3983; x_wconf 86' lang='lat'>&#39;</span> <span class='ocrx_word' id='word_1_229' title='bbox 814 3970 822 3997; x_wconf 88' lang='lat'>‘</span> <span class='ocrx_word' id='word_1_230' title='bbox 832 3970 906 4032; x_wconf 89' lang='lat' dir='ltr'><strong>plane</strong></span> <span class='ocrx_word' id='word_1_231' title='bbox 925 3968 1009 4018; x_wconf 88' lang='lat' dir='ltr'><strong>anilis&#39;</strong></span> <span class='ocrx_word' id='word_1_232' title='bbox 1025 3968 1148 4030; x_wconf 79' lang='lat' dir='ltr'><strong>although</strong></span> <span class='ocrx_word' id='word_1_233' title='bbox 1167 3970 1202 4021; x_wconf 78' lang='lat' dir='ltr'><strong>ile</strong></span> <span class='ocrx_word' id='word_1_234' title='bbox 1220 3975 1290 4025; x_wconf 77' lang='lat' dir='ltr'><strong>calls</strong></span> 
     </span>
     <span class='ocr_line' id='line_1_35' title="bbox 328 4038 1291 4111; baseline 0.012 -25"><span class='ocrx_word' id='word_1_235' title='bbox 328 4040 387 4099; x_wconf 85' lang='lat' dir='ltr'><strong>den,</strong></span> <span class='ocrx_word' id='word_1_236' title='bbox 399 4041 416 4087; x_wconf 93' lang='lat' dir='ltr'><strong>i.</strong></span> <span class='ocrx_word' id='word_1_237' title='bbox 428 4044 485 4087; x_wconf 70' lang='lat'><strong>4⁴20.</strong></span> <span class='ocrx_word' id='word_1_238' title='bbox 815 4038 1166 4101; x_wconf 81' lang='lat' dir='ltr'><strong>it,thereaderisreierredto</strong></span> <span class='ocrx_word' id='word_1_239' title='bbox 1174 4042 1291 4111; x_wconf 82' lang='lat' dir='ltr'><strong>Ussber,</strong></span> 
     </span>
     <span class='ocr_line' id='line_1_36' title="bbox 361 4102 910 4177; baseline 0.002 -20"><span class='ocrx_word' id='word_1_240' title='bbox 361 4108 372 4139; x_wconf 51' lang='grc' dir='ltr'>Ε</span> <span class='ocrx_word' id='word_1_241' title='bbox 384 4102 519 4177; x_wconf 72' lang='grc' dir='ltr'><strong>ΚὲΙὰινιιο.]</strong></span> <span class='ocrx_word' id='word_1_242' title='bbox 540 4109 588 4157; x_wconf 81' lang='lat' dir='ltr'><strong>l&#39;or</strong></span> <span class='ocrx_word' id='word_1_243' title='bbox 598 4124 629 4157; x_wconf 87' lang='lat' dir='ltr'><strong>un</strong></span> <span class='ocrx_word' id='word_1_244' title='bbox 647 4114 753 4157; x_wconf 82' lang='lat' dir='ltr'><strong>account</strong></span> <span class='ocrx_word' id='word_1_245' title='bbox 764 4110 793 4157; x_wconf 87' lang='lat' dir='ltr'><strong>oi</strong></span> <span class='ocrx_word' id='word_1_246' title='bbox 801 4130 804 4135; x_wconf 93' lang='lat'>·</span> <span class='ocrx_word' id='word_1_247' title='bbox 815 4125 841 4170; x_wconf 94' lang='lat' dir='ltr'><strong>p.</strong></span> <span class='ocrx_word' id='word_1_248' title='bbox 852 4114 910 4158; x_wconf 71' lang='lat'><strong>2⁴2.</strong></span> 
     </span>
     <span class='ocr_line' id='line_1_37' title="bbox 326 4162 1291 4241; baseline 0 -14"><span class='ocrx_word' id='word_1_249' title='bbox 326 4181 368 4229; x_wconf 84' lang='lat' dir='ltr'><strong>the</strong></span> <span class='ocrx_word' id='word_1_250' title='bbox 379 4196 453 4229; x_wconf 78' lang='lat' dir='ltr'><strong>seeue</strong></span> <span class='ocrx_word' id='word_1_251' title='bbox 464 4181 493 4227; x_wconf 85' lang='lat' dir='ltr'><strong>ol</strong></span> <span class='ocrx_word' id='word_1_252' title='bbox 501 4179 552 4227; x_wconf 86' lang='lat' dir='ltr'><strong>tbis</strong></span> <span class='ocrx_word' id='word_1_253' title='bbox 563 4181 713 4227; x_wconf 72' lang='lat' dir='ltr'><strong>tnarrsaetion</strong></span> <span class='ocrx_word' id='word_1_254' title='bbox 727 4179 788 4226; x_wconf 82' lang='lat' dir='ltr'><strong>iroru</strong></span> <span class='ocrx_word' id='word_1_255' title='bbox 801 4162 804 4209; x_wconf 76' lang='grc' dir='ltr'>Ι</span> <span class='ocrx_word' id='word_1_256' title='bbox 849 4177 1074 4241; x_wconf 54' lang='lat' dir='ltr'><strong>³inflammans]</strong></span> <span class='ocrx_word' id='word_1_257' title='bbox 1090 4192 1120 4226; x_wconf 85' lang='lat' dir='ltr'><strong>or</strong></span> <span class='ocrx_word' id='word_1_258' title='bbox 1135 4179 1291 4237; x_wconf 71' lang='lat' dir='ltr'><strong>(illimu-</strong></span> 
     </span>
     <span class='ocr_line' id='line_1_38' title="bbox 325 4216 1117 4310; baseline 0.001 -13"><span class='ocrx_word' id='word_1_259' title='bbox 325 4252 448 4301; x_wconf 80' lang='lat' dir='ltr'><strong>(liraldus</strong></span> <span class='ocrx_word' id='word_1_260' title='bbox 459 4250 621 4300; x_wconf 84' lang='lat' dir='ltr'><strong>Cambrensis</strong></span> <span class='ocrx_word' id='word_1_261' title='bbox 634 4251 684 4299; x_wconf 89' lang='lat' dir='ltr'><strong>and</strong></span> <span class='ocrx_word' id='word_1_262' title='bbox 696 4249 790 4310; x_wconf 87' lang='lat' dir='ltr'><strong>others,</strong></span> <span class='ocrx_word' id='word_1_263' title='bbox 801 4216 866 4297; x_wconf 69' lang='lat' dir='ltr'><strong>irus.</strong></span> <span class='ocrx_word' id='word_1_264' title='bbox 904 4249 1010 4309; x_wconf 80' lang='lat' dir='ltr'><strong>Usslrer,</strong></span> <span class='ocrx_word' id='word_1_265' title='bbox 1021 4263 1047 4310; x_wconf 89' lang='lat' dir='ltr'><strong>p.</strong></span> <span class='ocrx_word' id='word_1_266' title='bbox 1058 4251 1117 4298; x_wconf 72' lang='lat'><strong>242.</strong></span> 
     </span>
    </p>
   </div>
   <div class='ocr_carea' id='block_1_5' title="bbox 0 0 1470 4980">
    <p class='ocr_par' dir='ltr' id='par_1_5' title="bbox 0 0 1470 4980">
     <span class='ocr_line' id='line_1_39' title="bbox 0 0 1470 4980; baseline 0 2"><span class='ocrx_word' id='word_1_267' title='bbox 0 0 1470 4980; x_wconf 95' lang='lat' dir='ltr'><strong> </strong></span> 
     </span>
    </p>
   </div>
  </div>
 </body>
</html>
