3000 5004
345 407 412 474 318
604 421 738 470 nonunt
765 424 810 469 nn
833 421 1041 469 wnnnovnn

346 582 395 646 sis
413 579 553 663 praesul,
568 580 734 664 martyrio
757 587 943 644 coronatus
968 585 1034 652 est,
1056 577 1111 640 cui
1131 575 1303 639 successit

348 675 581 760 ¹Ethelhegus
595 680 630 741 in
646 680 896 762 episcopatum,
914 679 968 741 vir
981 678 1018 740 in
1039 678 1141 740 rebus
1158 675 1302 740 eeclesi-

349 780 467 843 asticis
484 778 652 842 eruditus.
1284 799 1288 804 ·

459 950 509 1013 De
525 948 717 1013 coronatione
731 956 759 1010 et
768 945 945 1032 ymmhoia
960 945 1093 1030 Alfredi
1106 946 1196 1030 renio.

190 1089 315 1132 nomm
409 1073 540 1136 Eodem
577 1091 668 1136 anno
709 1090 773 1134 rex
815 1069 1079 1134 occidentalium
1122 1070 1303 1134 Saxonum

190 1141 284 1183 aelfred.

355 1171 561 1236 Ethelredus
594 1165 705 1234 ²nono
739 1169 907 1233 kalendas
940 1169 1028 1232 Maii
1055 1169 1149 1240 ,diem
1177 1169 1304 1233 clausit

354 1279 546 1336 extremum
561 1292 587 1349 3.
601 1289 682 1353 quo,
712 1269 806 1351 regio
831 1288 938 1345 more,
962 1269 1055 1350 apud
1072 1268 1302 1333 Winbnrnam

354 1370 504 1453 sepulto,
522 1368 686 1433 Alsredus
704 1367 811 1431 frater
827 1367 916 1450 ejus,
940 1369 1000 1449 qui
1022 1367 1117 1450 prius
1136 1366 1261 1432 Romae
1283 1386 1306 1431 a

355 1488 448 1552 papa
473 1469 589 1533 Leone
614 1486 776 1533 coronam
800 1474 1000 1549 susceperat
1017 1474 1052 1530 et
1065 1465 1197 1548 regiam
1220 1486 1305 1530 unc-

357 1570 498 1644 tionem,
514 1568 622 1632 totius
645 1567 743 1647 regni
766 1567 872 1642 illius,
896 1585 973 1629 cum
996 1585 1129 1629 summa
1151 1566 1305 1629 omnium

358 1666 555 1731 accolarum
570 1667 704 1743 laetitia,
721 1665 956 1747 gubernacula
969 1665 1133 1747 suscepit.
1185 1665 1307 1747 Hujus

358 1766 465 1846 igitur
478 1765 569 1846 regis
581 1765 820 1847 genealogiam
830 1773 964 1828 veteres
976 1764 1216 1828 adscendendo
1228 1772 1308 1828 tex·

358 1871 468 1940 entes,
496 1863 540 1926 ad
566 1864 742 1929 Christum
766 1883 875 1945 usque
901 1863 1150 1946 perduxerunt.
1180 1857 1307 1936 ‚³Erat

359 1970 475 2027 autem
499 1981 562 2025 rex
578 1961 742 2026 Alsredus
756 1962 934 2028 Athelwlfi
958 1963 1076 2044 magni
1097 1962 1190 2044 regis
1216 1963 1307 2026 occi-

360 2062 549 2126 dentalium
572 2062 749 2127 Saxonum
773 2062 877 2139 filius,
903 2063 964 2144 qui
987 2061 1053 2125 fuit
1069 2061 1226 2143 Egberti,
1248 2063 1309 2144 qui

360 2161 427 2225 suit
449 2160 647 2238 Alcmundi,
669 2162 728 2244 qui
760 2160 826 2224 suit
850 2159 958 2234 Easae,
986 2161 1047 2244 qni
1074 2160 1141 2224 fnit
1164 2161 1310 2243 Eoppae,

361 2262 422 2345 qui
447 2260 514 2327 fuit
539 2261 669 2343 Ingild,
695 2261 754 2342 qui
779 2259 845 2323 fuit
867 2259 974 2324 frater
1001 2260 1096 2339 Inae3
1125 2261 1184 2341 qui
1208 2262 1310 2325 ambo

361 2360 501 2424 suerunt
521 2361 584 2424 filii
606 2359 760 2436 Kenrod,
784 2360 844 2441 qui
865 2359 931 2423 fuit
946 2359 1147 2437 Ceolwaldi,
1163 2359 1225 2441 qui
1245 2359 1311 2423 suit

364 2458 554 2536 Cuthwini,
583 2459 642 2540 qui
674 2458 740 2522 fuit
772 2457 943 2536 ceaulini,
973 2459 1032 2541 qui
1061 2458 1127 2522 fuit
1154 2458 1312 2534 Kenrici,

363 2558 423 2639 qui
448 2556 515 2620 fuit
542 2557 721 2634 Creoddae,
747 2557 807 2639 qui
829 2557 896 2623 suit
912 2557 1067 2637 Cerdici3
1090 2558 1156 2622 isto
1181 2559 1311 2640 primus

364 2675 409 2719 ex
425 2653 550 2736 Anglis
569 2657 605 2719 in
627 2677 734 2738 regno
757 2656 1020 2721 occidentalium
1036 2657 1215 2721 Saxonum
1235 2677 1312 2739 reg·

364 2755 473 2819 navit.
526 2754 690 2819 Cerdicus
713 2755 779 2819 fnit
802 2756 893 2820 filins
916 2756 1041 2833 Elesoe,
1068 2757 1128 2839 qui
1151 2756 1219 2820 fuit
1241 2755 1313 2820 Ge·

364 2855 458 2917 wisae
484 2855 625 2937 reginae,
647 2853 690 2918 de
712 2874 782 2937 qua
807 2856 946 2937 quidam
971 2856 1153 2919 Britonum
1176 2857 1312 2937 generis

364 2954 429 3017 sibi
469 2955 682 3018 nobilitatem
721 2963 902 3036 usurpant.
959 2954 1100 3019 Gewisa
1138 2955 1211 3019 filia
1248 2954 1314 3018 suit

365 3052 489 3129 Genii,
513 3054 573 3135 qui
600 3053 665 3116 suit
691 3052 837 3135 Wingii,
862 3056 922 3137 qni
948 3054 1013 3118 fuit
1045 3054 1229 3129 Freawini,
1252 3055 1312 3136 qui

365 3152 432 3216 fuit
455 3152 670 3233 Frethegan',
702 3153 761 3235 qui
791 3153 856 3217 fuit
880 3153 1035 3229 Broand‚
1059 3154 1119 3236 qui
1142 3153 1209 3217 fuit
1232 3153 1313 3217 Bel·

365 3250 458 3332 dagi,
488 3253 549 3334 qui
580 3250 647 3314 fuit
669 3251 838 3330 Wodoni3
875 3253 954 3317 huic
986 3261 1119 3317 veteres
1152 3260 1313 3336 quartam

366 3349 487 3414 feriam
511 3350 769 3427 dedicaverunt,
784 3371 887 3433 quam
904 3352 1100 3417 denomino
1115 3352 1190 3435 ejus
1207 3352 1316 3417 ‘Wo-

366 3450 564 3532 denesday,'
587 3450 622 3513 id
649 3457 715 3526 est,
728 3455 739 3485 ‘
752 3449 841 3513 diem
857 3451 1031 3528 Wodeni,'
1057 3453 1315 3534 nuncupabant.

367 3549 549 3613 Wodenus
563 3549 628 3611 fuit
644 3549 735 3611 filius
754 3550 985 3627 Frethewold,
1004 3551 1064 3633 qni
1080 3550 1146 3614 fuit
1164 3550 1314 3625 Freolal,

367 3649 427 3731 qui
450 3648 516 3712 snit
540 3647 739 3725 Frethewlf,
759 3649 819 3731 qui
844 3648 911 3713 fuit
931 3650 1048 3727 Finni,
1065 3651 1125 3732 qui
1152 3650 1219 3714 suit
1245 3650 1314 3714 Go

405 3837 413 3869 ¹
426 3839 597 3903 Etlelhegua]
614 3840 653 3889 Ol
669 3841 710 3890 the
727 3843 786 3891 time
802 3858 832 3891 or
855 3841 907 3904 day
918 3843 947 3891 of
955 3843 995 3892 his
1006 3843 1091 3904 death,
1107 3843 1149 3892 the
1162 3843 1224 3892 alth
1236 3845 1319 3906 April.

368 3924 472 3959 manner
490 3910 519 3960 oi
537 3911 577 3959 his
593 3911 669 3961 death
686 3913 791 3975 nothing
808 3914 830 3961 ia
890 3911 978 3961 8Εναΐ
997 3918 1078 3962 antem
1106 3929 1151 3962 rex
1174 3912 1319 3979 Annum]

369 3980 471 4030 known.
854 3983 917 4031 This
936 3982 1056 4045 pedigroe
1075 3984 1098 4032 is
1117 3983 1172 4032 aluo
1190 3983 1268 4032 found
1292 3985 1317 4033 in

406 4048 502 4099 'Nono
523 4052 638 4099 kalendae
659 4050 753 4114 ninia]
776 4051 830 4100 'l'he
855 4052 897 4101 tha
927 4052 988 4102 Sax.
1015 4053 1107 4102 Chion.
1137 4053 1171 4102 ad
1197 4069 1240 4102 un.
1262 4059 1320 4112 8⁵⁵,

367 4120 530 4171 Sumchron.
539 4121 589 4170 and
596 4122 728 4182 Amersay
736 4122 829 4182 merely
856 4122 1027 4184 Malmsbnry,
1043 4124 1133 4186 Assar,
1149 4121 1320 4185 Ethelweauh

364 4192 373 4218 ‘
386 4197 443 4253 post
454 4192 556 4241 Pascha
564 4187 579 4251 ς’
589 4191 779 4240 Florenceadds
788 4191 829 4241 the
855 4192 905 4240 and
918 4191 1046 4243 Florence.
