3000 5004
461 411 601 459 neonus
625 410 892 460 nrsroarnnun.
1086 394 1151 457 255

201 565 312 630 nobiis
339 567 615 648 possessionibus
639 567 741 631 simul
766 575 801 629 et
827 566 1045 631 libertatibus
1066 583 1151 647 prae-

201 665 358 729 serretur.

270 764 385 845 Igitur
423 782 486 826 rex
522 783 617 827 mare
653 766 829 845 ingressus
867 763 910 826 ad
940 770 1078 845 portum
1116 764 1151 825 in

204 862 371 926 Flandria
398 862 629 926 desideratum
658 863 838 944 applicuit,
869 863 1077 942 veniensque
1108 861 1151 925 ad

202 961 374 1042 quoddam
411 962 573 1044 oppidum
607 956 924 1037 ¹Monasteriolum,
955 960 1153 1042 hospitandi

203 1061 318 1141 gratia
347 1060 430 1123 illuc
454 1060 608 1136 divertit,
638 1060 697 1123 ubi
719 1059 887 1142 jumentis
921 1060 994 1121 suis
1018 1056 1154 1141 'pabula

204 1178 273 1221 non
304 1158 496 1235 inveniens,
532 1159 679 1222 miratur
710 1158 821 1233 valde,
853 1158 1016 1239 quoniam
1057 1157 1153 1220 locus

202 1256 262 1319 ille
292 1265 469 1338 pratorum
500 1258 602 1339 copia
631 1257 798 1338 aspicitur
829 1255 1028 1333 abundare3
1058 1274 1153 1336 quae·

203 1355 249 1418 rit
273 1375 357 1436 ergo
386 1375 462 1432 rex,
486 1355 623 1437 ‘Cujus
647 1362 730 1418 sunt
760 1362 862 1436 prata
887 1353 948 1417 illa
959 1355 986 1417 i’
1009 1354 1069 1417 sed
1097 1375 1152 1417 re-

203 1472 368 1534 sponsum
384 1454 529 1535 accepit,
548 1453 640 1535 quod
664 1453 821 1516 dominos
841 1453 958 1535 plures
976 1452 1152 1516 haberent.

204 1550 313 1615 Jubet
332 1560 446 1616 autem
470 1571 546 1629 rex,
563 1559 603 1616 ut
625 1570 744 1615 omnes
766 1560 990 1633 compareant
1012 1553 1047 1614 in
1071 1570 1153 1614 con·

204 1658 327 1732 spectu
343 1651 431 1733 ejus,
448 1659 484 1715 et
501 1651 544 1713 de
564 1651 674 1733 pratis
692 1649 923 1713 distrahendis
948 1650 1155 1714 admoneant

205 1749 381 1813 venientes
398 1769 407 1828 3
426 1749 651 1831 indignantur
667 1768 736 1812 non
746 1749 917 1812 modicum
933 1750 993 1831 qui
1009 1748 1075 1812 hoc
1094 1767 1155 1811 au-

205 1847 318 1923 diunt,
339 1855 532 1911 asserentes
560 1846 769 1911 sufficienter
792 1855 971 1929 pratorum
998 1847 1155 1911 dominos

204 1945 241 2008 in
266 1946 369 2008 rebus
393 1946 642 2028 temporalibus
664 1945 854 2009 abundare.
899 1946 1054 2027 Cumque
1077 1953 1154 2009 tan·

204 2043 282 2106 dem
314 2044 446 2108 nobiles
477 2045 528 2106 illi
554 2044 598 2107 ad
627 2043 718 2125 regis
749 2045 968 2125 praesentiam
999 2044 1155 2125 perducti

204 2142 362 2220 tuissent,
396 2142 558 2206 convenit
592 2161 651 2206 eos
685 2142 727 2204 de
760 2143 870 2223 pratis
902 2141 1155 2219 distrahendis;

204 2260 393 2322 quoscum
415 2240 570 2307 audisset
590 2241 627 2303 in
649 2241 853 2304 omnimodis
876 2240 1052 2303 abundare
1068 2240 1156 2304 divi-

205 2339 275 2414 tiis,
293 2338 398 2402 ‘Non
418 2338 490 2416 sic‚'
509 2339 623 2421 inquit
645 2359 719 2416 rex,
740 2338 956 2415 ‘abundatis
978 2340 1060 2421 quin
1078 2358 1156 2421 pos-

207 2437 283 2500 sitis
300 2437 448 2519 amplius
464 2437 651 2501 abundare.
704 2436 782 2501 Nos
806 2446 908 2519 prata
924 2445 1042 2502 vestra
1063 2458 1156 2501 com·

206 2537 416 2617 parabimus,
440 2556 508 2599 non
533 2535 722 2599 secundum
745 2556 863 2600 eorum
880 2537 1157 2613 oestimationem,

206 2633 267 2697 sed
280 2634 386 2716 juxta
403 2642 554 2698 vestram
569 2635 806 2714 voluntatem3
824 2655 888 2698 nec
906 2636 972 2699 erit
984 2636 1055 2699 ulla
1070 2635 1158 2698 diffi-

208 2732 321 2797 cultas
335 2733 379 2796 de
393 2734 518 2815 pretio,
535 2733 618 2796 licet
632 2733 728 2797 nulla
743 2734 945 2816 propitiatio
967 2735 1014 2797 sit
1036 2735 1071 2796 in
1088 2735 1157 2798 dis·

207 2830 401 2895 trahendo'
453 2831 522 2894 His
545 2831 685 2909 auditis,
708 2852 827 2897 omnes
850 2832 1040 2913 cupiditate
1063 2834 1159 2910 victi,

208 2948 231 2992 a
246 2948 328 3011 rege
343 2949 407 3011 pro
421 2949 486 2993 sua
500 2929 691 3007 voluntate,
709 2951 773 3013 pro
795 2931 906 3013 pratis
928 2930 1076 3012 pretium
1099 2950 1159 2994 ac·

207 3036 392 3110 ceperunt3
416 3048 485 3115 quo
501 3026 607 3105 facto,
624 3049 687 3092 rex
710 3037 812 3110 prata
831 3029 892 3092 illa
916 3036 1106 3105 consecrat,
1124 3037 1160 3092 et

208 3127 467 3191 transeuntibus
490 3128 681 3208 peregrinis
704 3128 863 3190 omnibus
886 3127 996 3207 regali
1024 3128 1160 3191 muniti-

209 3227 325 3290 centia
346 3225 539 3302 confirmat,
558 3233 730 3307 quatenus
748 3227 921 3307 peregrini
938 3226 973 3287 in
990 3225 1059 3288 illis
1074 3226 1160 3290 locis

210 3344 273 3406 pro
299 3332 455 3406 tempore
483 3324 623 3387 herbam
650 3325 706 3388 vel
734 3322 864 3387 foenum
895 3325 931 3387 in
957 3333 1160 3406 perpetuum

210 3422 363 3487 babeant
383 3422 458 3486 sine
479 3423 604 3505 pretio,
627 3423 718 3486 unde
738 3422 899 3506 jumenta
924 3442 989 3485 sua
1012 3425 1160 3486 sustine·

207 3530 281 3599 ant,
298 3540 344 3584 ex
359 3520 452 3604 regis
466 3521 645 3586 beneficio.

284 3720 327 3785 Ut
341 3741 395 3785 rea
412 3720 482 3801 Offo
496 3721 629 3783 Motum
637 3721 817 3805 peronam
831 3717 996 3784 cambium
1010 3717 1090 3783 beuti

432 3817 555 3883 Albani
571 3818 724 3901 [condrei
731 3819 940 3903 provocavit}

260 3941 491 4005 Dinumerata
508 3941 654 4023 denique
670 3962 732 4023 pro
746 3942 969 4005 distractione
985 3949 1161 4022 pratorum
1174 3961 1308 4007 unanima

408 4147 414 4177 ¹
431 4146 655 4218 Marmaridum]
672 4150 807 4199 Monistrol
818 4164 879 4197 near
892 4150 959 4209 Puy.
