3000 5004
460 486 600 534 anonas
623 485 893 534 msvomnauu.
1087 471 1154 536 443

200 644 264 708 dos
275 662 419 725 puerum
437 641 632 725 increpans,
644 642 736 724 quod
752 642 969 725 negligenter
985 649 1154 722 cantaret,
1166 661 1259 715 mena

202 742 343 807 excelsa
366 761 453 806 voce
481 742 583 818 dixit,
609 741 718 824 ‘Ipse
743 741 825 806 fecit
852 761 915 806 uos
938 750 973 806 et
995 762 1065 806 non
1087 744 1155 825 ipsi

202 843 290 919 nos,’
318 861 389 923 quo
414 841 507 905 dicto
534 861 758 924 repercussus
784 842 973 923 imperator
996 850 1032 905 et
1061 861 1156 924 pres-

203 943 361 1024 byterum
385 939 589 1022 prophetam
612 960 687 1004 esse
710 941 927 1017 existimans,
941 940 1051 1016 illum,
1066 941 1156 1004 mul·

164 1084 168 1091 ,
205 1049 279 1103 tum
304 1040 521 1116 renitentem,
544 1039 579 1101 in
596 1039 836 1103 coloniensem
860 1039 1156 1122 archiepiscopum

206 1138 419 1214 sublimavit,
441 1138 500 1219 qui
521 1147 720 1221 susceptum
743 1137 1079 1220 archiepiscopatum
1106 1159 1156 1202 re

206 1238 336 1319 ligione
367 1236 470 1300 simul
496 1245 532 1300 ct
553 1237 669 1318 dignis
691 1236 808 1300 sedem
830 1237 983 1299 moribus
1008 1255 1156 1301 exorna-

206 1336 270 1400 vit.
312 1335 407 1399 Nam
429 1336 466 1398 iu
492 1337 702 1401 monasterio
728 1333 1040 1399 sanctimonialium
1064 1337 1159 1400 urbis

207 1435 302 1498 illius
324 1441 400 1497 erat
422 1434 539 1517 puella
560 1435 732 1517 quaedam,
754 1441 938 1517 parentum
961 1434 1077 1499 studio
1096 1455 1158 1517 po-

208 1535 277 1597 tius
291 1552 396 1616 quam
412 1534 554 1616 propria
568 1533 751 1597 devotione
765 1552 944 1609 conversa,
958 1552 1041 1615 quae
1056 1542 1158 1613 gestu

207 1632 354 1696 seculari
376 1639 412 1695 et
428 1632 580 1714 alloquio
602 1631 719 1696 fallaci
737 1641 910 1696 amatores
931 1632 975 1695 ad
998 1651 1036 1695 se
1052 1633 1161 1714 pluri-

207 1751 285 1797 mos
307 1731 492 1809 invitabat,
522 1751 669 1814 quorum
697 1751 799 1808 unus,
824 1751 926 1814 quem
950 1750 1056 1814 opum
1079 1751 1162 1796 con·

210 1831 322 1911 geries
347 1837 383 1893 et
408 1830 481 1894 alta
506 1832 690 1913 progenies
722 1831 766 1895 ad
791 1830 967 1895 libidinem
994 1831 1160 1895 accende·

209 1937 300 2005 rant,
332 1929 484 2012 puellam
519 1929 704 1994 abductam
746 1931 824 1994 loco
855 1929 963 2011 justae
1001 1930 1160 2012 conjugis

209 2028 322 2092 tenuit
347 2035 382 2092 et
408 2028 550 2092 amavit.
615 2029 791 2093 Praeteriit
814 2030 961 2094 multum
983 2030 1161 2111 temporis,

209 2127 271 2191 sed
296 2127 435 2191 tandem
463 2147 518 2191 res
551 2135 651 2209 gesta
675 2128 871 2192 Hereberto
900 2127 1161 2210 archiepiscopo

211 2227 403 2303 nuntiatur,
428 2227 490 2290 sed
517 2246 595 2290 cum
621 2227 664 2290 de
689 2227 853 2290 mandato
875 2227 951 2309 ejus
978 2228 1053 2290 ovis
1077 2227 1162 2290 ovili

211 2326 373 2389 restituta
404 2325 540 2402 fuisset,
573 2345 643 2390 non
673 2326 783 2390 multo
816 2332 897 2406 post
935 2326 971 2388 in
1005 2326 1162 2389 absentia

212 2425 461 2506 archiepiscopi
493 2425 535 2489 de
560 2426 769 2489 monasterio
797 2425 967 2507 abripitur
990 2443 1012 2487 a
1030 2425 1161 2507 juvene

212 2523 440 2607 supradict03
480 2531 562 2587 tunc
594 2525 631 2587 in
665 2524 762 2588 illum
797 2525 1162 2588 excommunicationis

213 2624 386 2687 sententia
412 2623 663 2705 promulgatur,
690 2624 741 2688 ita
764 2631 803 2687 ut
827 2623 943 2687 nullus
968 2624 1162 2688 concivium

214 2740 353 2785 suorum
372 2741 450 2785 cum
467 2742 509 2786 eo
524 2723 632 2804 loqui,
650 2723 705 2786 vel
728 2742 806 2785 cum
829 2743 870 2786 eo
893 2723 1020 2788 audeat
1045 2725 1162 2787 convi-

213 2822 299 2884 vari.
352 2820 467 2899 Quam
486 2821 627 2905 juvenis
649 2823 856 2886 sententiam
879 2822 1163 2904 parvipendens,

214 2920 258 2983 ad
281 2920 415 3002 praedia
437 2939 502 2983 sua
528 2921 714 2984 remotiora
737 2920 890 2997 divertit,
916 2921 975 2983 ubi
997 2941 1075 2984 cum
1099 2941 1161 2984 ex-

214 3019 468 3082 communicata
497 3038 562 3083 sua
588 3020 698 3082 vitam
725 3019 935 3099 flagitiosam
965 3020 1162 3101 protraxit3

214 3117 274 3181 sed
307 3137 384 3180 cum
415 3119 513 3181 Deus
546 3117 687 3182 tandem
718 3117 1016 3200 archiepiscopum
1048 3116 1092 3179 ad
1125 3137 1163 3180 se

216 3235 341 3281 vocare
368 3216 532 3297 dignatus
563 3224 629 3293 est,
661 3223 697 3279 et
729 3217 828 3297 gravi
856 3215 975 3280 dolore
1003 3216 1164 3281 detentus

216 3315 306 3379 lecto
331 3314 563 3392 decumberet,
589 3323 823 3379 convenerunt
850 3314 1000 3398 undique
1025 3334 1164 3397 compa-

217 3415 343 3491 triotae,
359 3422 398 3478 ut
419 3424 576 3479 extrema
600 3415 694 3478 beati
716 3414 781 3478 viri
810 3414 1047 3478 benedictione
1072 3414 1165 3477 frue-

217 3523 355 3593 rentur;
382 3514 477 3577 solus
500 3514 559 3577 ille
580 3514 784 3577 libidinosus
801 3514 919 3577 venire
942 3522 1166 3577 contemnens

217 3613 420 3676 subornavit
443 3613 542 3690 alios,
560 3613 621 3696 qui
645 3632 707 3695 pro
725 3633 762 3676 se
784 3613 1019 3694 loquerentur,
1036 3619 1076 3675 ut
1092 3632 1165 3676 mc·

217 3719 350 3774 reretur
374 3712 521 3776 absolvi.
565 3712 632 3776 Sed
656 3732 733 3776 cum
757 3732 881 3777 nomen
898 3712 1038 3795 juvenis
1055 3712 1169 3776 archi·

218 3812 401 3893 episcopus
426 3811 571 3887 audivit,
594 3800 776 3893 ingemuit,
798 3819 834 3876 et
859 3810 933 3875 haec
954 3815 1061 3876 verba
1085 3813 1167 3876 sub-

212 3909 311 3991 jecit,
335 3910 398 3973 ‘Si
421 3911 526 3973 miser
550 3910 607 3974 ille
626 3911 845 3975 maledictam
867 3911 1044 3976 mulierem
1068 3912 1168 3976 dese·

218 4009 338 4085 ruerit,
354 4009 401 4072 sit
423 4009 617 4086 absolutus,
640 4019 675 4074 et
695 4011 725 4074 si
747 4010 943 4074 obstinatus
967 4012 1169 4092 perstiterit,

218 4109 265 4172 sit
290 4127 383 4172 anno
410 4110 581 4191 sequenti,
605 4109 671 4172 bac
693 4109 812 4173 eadem
839 4109 894 4172 die
920 4117 955 4172 et
980 4109 1077 4186 hora,
1099 4129 1170 4190 qua

217 4226 283 4289 ego
306 4207 483 4287 decedam,
508 4217 590 4273 ante
608 4208 720 4273 Deum
746 4216 890 4292 paratus
913 4208 956 4271 de
978 4208 1170 4273 commissis
