3000 5004
489 479 629 527 enonas
653 480 921 531 nrsronmnuu.
1114 471 1180 534 455

225 632 322 696 ‘Vos
337 631 457 716 Angli,
471 636 599 700 amisso
616 638 742 719 capite,
754 637 882 701 frustra
898 641 1077 720 pugnatis,
1088 661 1177 723 praa-

225 732 347 814 cipites
362 733 484 815 sugite,
496 735 549 797 En
563 735 861 816 regisEadmundi
878 746 984 820 caput
1001 739 1056 803 bic
1075 748 1176 806 teneo

224 831 258 893 in
281 833 454 912 manibus,
480 834 601 915 sugite,
624 834 735 917 sugite
764 839 993 918 quantocius,'
1017 841 1108 921 quod
1136 849 1176 904 ut

222 928 332 1015 Angli
349 933 534 997 audierunt
549 935 838 999 inconstantiores
855 939 1066 1002 exstiterunt
1080 960 1088 1017 ;
1112 940 1173 1003 sed

222 1029 314 1094 illico
331 1033 423 1114 quod
444 1053 507 1096 rex
524 1035 658 1097 viveret
678 1043 868 1116 comperto,
884 1036 1017 1100 animos
1034 1039 1171 1102 extule-

221 1138 302 1193 runt
321 1130 427 1212 Angli
445 1133 530 1196 etin
549 1133 670 1197 Dauos
691 1134 804 1197 acrius
828 1135 1067 1216 insurgebant,
1082 1139 1172 1201 mul-

221 1236 343 1311 tosque
370 1251 413 1294 ex
441 1233 492 1295 eis
521 1241 779 1315 prosternentes
807 1241 842 1296 et
869 1236 1011 1297 summis
1040 1237 1171 1300 viribus

218 1327 447 1408 decertantes,
472 1332 517 1394 ad
541 1333 781 1414 crepusculum
812 1352 923 1414 usque
949 1335 1060 1399 noctis
1088 1337 1170 1399 viri·

218 1427 298 1490 liter
338 1432 575 1510 perstiterunt,
613 1451 683 1513 quo
720 1433 984 1514 superveniente
1022 1434 1169 1515 digressi

218 1535 301 1591 sunt
319 1530 433 1606 cunei,
451 1539 491 1593 ut
515 1531 637 1612 pridie,
654 1538 846 1612 spontanea
864 1532 1054 1597 voluntate.
1106 1532 1170 1613 At,

219 1627 277 1689 ubi
312 1627 496 1710 plurimum
529 1631 641 1693 noctis
675 1631 912 1712 processisset,
940 1630 1054 1697 Cnuto
1087 1653 1168 1697 suos

217 1727 282 1788 sub
299 1727 437 1792 silentio
457 1731 553 1793 abire
569 1729 611 1792 de
628 1729 703 1793 loco
721 1731 919 1793 certaminis
936 1734 1115 1814 praecepit,
1133 1742 1168 1797 et

215 1844 335 1889 versus
362 1827 561 1892 Londonias
593 1830 660 1892 iter
687 1829 856 1912 arripiens
890 1832 1009 1894 urbem
1039 1833 1165 1896 iterum
1201 1856 1204 1861 ⁴

215 1926 360 1992 obsedit.

388 2076 438 2139 De
452 2084 562 2160 quarto
572 2075 685 2159 predio
700 2076 886 2140 Eadmaadt’
900 2077 989 2159 repis.

265 2191 385 2261 Mane¹
403 2206 519 2262 autem
538 2198 644 2274 sacto,
665 2219 743 2262 cum
768 2219 830 2262 rex
847 2196 1074 2261 Eadmundus
1093 2199 1165 2261 Da-
1175 2214 1255 2304 ἔπι,

213 2316 276 2359 nos
310 2299 478 2380 comperit
503 2297 680 2378 aufugisse
706 2299 741 2360 in
765 2296 1080 2374 west-saxoniam,
1111 2318 1164 2361 re·
1242 2292 1247 2303 '

214 2398 360 2461 vertitur
387 2397 553 2480 majorem
578 2398 769 2461 exercitum
800 2397 1031 2474 collecturus;
1062 2397 1162 2479 cujus

211 2498 452 2561 strenuitatem
478 2497 617 2579 iniquus
641 2497 714 2560 dux
740 2497 909 2560 Eadricus
935 2496 1161 2577 comperiens,

210 2597 306 2659 venit
330 2596 375 2659 ad
399 2616 476 2660 eum
494 2594 731 2660 fraudulenter
747 2597 900 2660 utillum
917 2595 1089 2677 proderet,
1108 2596 1161 2658 in·

207 2696 338 2759 stinctu
360 2695 542 2772 Cnutonis,
567 2702 615 2773 et,
637 2716 723 2778 pace
744 2698 835 2761 inter
856 2716 917 2760 eos
942 2695 1158 2773 confirmata,

210 2796 282 2876 regi
306 2794 506 2859 fidelitatem
530 2795 699 2877 promisit.
752 2795 879 2878 ltaque
904 2815 967 2858 rex
983 2794 1160 2858 Eadmun-

208 2892 286 2970 dus,
303 2895 378 2958 vico
394 2903 521 2977 quarta
536 2895 693 2959 exercitu
709 2902 933 2976 congregato,
955 2894 1048 2957 cives
1067 2894 1159 2958 Lon·

207 2992 390 3058 donienses
409 2996 570 3059 obsessos
588 2993 761 3071 liberavit,
776 2995 896 3057 Dauos
919 2993 963 3056 ad
981 3012 1087 3057 naves
1105 2993 1158 3056 su·

207 3094 318 3174 gavit,
332 3101 437 3176 atquc
453 3095 539 3176 ipsis
553 3093 667 3157 denuo
688 3095 836 3157 reversis
851 3093 942 3174 apud
961 3091 1158 3169 Breinsord‚

206 3193 331 3273 quinto
352 3193 441 3270 loco,
462 3193 609 3256 cumeis
636 3193 793 3274 praelium
818 3190 1010 3269 commisit;
1031 3190 1157 3271 quibus

205 3300 365 3374 potenter
392 3292 435 3355 de
463 3311 587 3374 campo
616 3291 758 3373 sugatis,
783 3291 964 3354 victoriam
992 3291 1028 3352 in
1056 3289 1158 3353 hasta

204 3392 270 3455 sibi
288 3400 323 3455 et
339 3391 456 3473 gladio
473 3391 701 3472 comparavit,
718 3409 759 3453 ac
775 3389 937 3455 festivum
953 3388 1035 3452 belli
1051 3387 1157 3452 decus

205 3491 355 3554 obtinuit
385 3499 421 3554 et
449 3490 672 3572 triumphum.
725 3487 840 3552 Cnuto
866 3508 949 3553 vero
977 3488 1020 3550 ad
1048 3506 1157 3551 naves
1169 3504 1227 3546 rme
1236 3506 1309 3547 aaut.

204 3591 341 3672 fugiens
363 3590 488 3654 iterum
506 3588 667 3653 Cantiam
685 3590 903 3670 praedaturus
929 3586 1050 3663 exivit,
1074 3606 1157 3649 con-

205 3698 260 3754 tra
292 3709 394 3771 quem
434 3709 497 3752 rex
530 3688 756 3752 Eadmundus
801 3687 991 3752 exercitum
1026 3685 1155 3750 ducens

200 3788 308 3872 juxta
326 3789 480 3853 Ottefort
509 3808 587 3852 cum
620 3789 779 3853 hostibus
800 3786 1007 3866 dimicavit3
1041 3793 1079 3849 at
1103 3785 1154 3849 illi

203 3887 368 3971 impetum
393 3889 469 3971 ejus
495 3907 565 3951 non
590 3888 750 3964 ferentes,
781 3896 880 3969 terga
907 3887 1089 3963 dederunt,
1119 3891 1154 3949 et

201 3986 236 4050 in
254 3988 413 4070 Sepeiam
431 3987 580 4050 insulam
596 3987 714 4069 sugam
731 3988 898 4050 fecerunt.

239 4189 329 4240 'Mune
344 4195 426 4240 autem
434 4182 527 4256 sacta]
543 4188 598 4238 The
609 4193 663 4236 acts
689 4187 874 4248 mudeupfrom
883 4187 1005 4236 Florence
1012 4183 1155 4234 nndHunt·

202 4261 231 4312 oi
238 4262 280 4312 the
291 4260 433 4311 romainder
443 4259 473 4309 oi
485 4259 527 4307 the
544 4273 605 4320 year
621 4272 664 4307 arc
689 4256 793 4320 ingdou.
