3000 5004
413 420 554 471 neonus
578 422 847 476 rnsronrnnun.
1038 412 1104 479 273

147 575 310 654 ditatum,
326 578 370 641 ab
383 577 591 661 imperatore
603 579 781 645 Ludovico
795 581 838 644 de
852 600 960 663 regno
969 581 1103 664 pulsus,

149 676 194 739 ad
212 677 334 741 Danos
349 679 522 743 transivit.

200 775 303 840 Anno
314 777 456 841 Domini
472 795 648 843 ccccxlx.
660 772 888 855 ¹Bernardus,
900 800 963 843 rex
974 779 1100 858 Italiae,
1114 802 1169 843 nr.
1179 804 1224 844 nr.

147 876 415 957 conspirationis
432 885 554 941 contra
571 878 813 959 imperatorem
832 879 934 943 sactae
958 899 1102 944 accusa·

147 981 217 1051 tur,
234 982 269 1038 et
285 995 364 1039 reus
382 976 475 1040 laesae
498 977 692 1060 majestatis
709 978 868 1042 addictus
881 977 977 1062 prius
991 998 1100 1061 reguo

144 1080 181 1137 et
195 1073 304 1137 oculis
320 1094 362 1138 ac
377 1075 500 1139 deinde
517 1077 591 1140 vita
606 1077 775 1158 privatur.

437 1215 609 1280 coralium
624 1213 802 1280 celebratur.

196 1327 299 1395 Auno
323 1329 464 1394 Domini
488 1348 647 1395 ccccxx.
667 1350 729 1412 per
748 1331 1007 1412 dispositionem
1024 1331 1230 1438 1¹¹¹·ss,3⁰·⁸,}⁰·,

143 1429 258 1492 dovici
291 1429 522 1511 imperatorie,
549 1430 667 1494 habito
687 1423 914 1512 ²Aquisgrnni
943 1430 1096 1512 generali
1108 1409 1246 1538 Arg-“dciv

142 1529 383 1610 episcoporum
405 1537 579 1594 conventu
601 1537 636 1593 et
659 1530 834 1606 abbatum,
855 1531 1014 1612 quaedam
1036 1550 1094 1594 ca·
1107 1508 1134 1549 μ
1150 1509 1170 1538 ⁶'

143 1626 255 1710 pitula
271 1628 314 1690 ad
331 1647 413 1691 usus
430 1629 677 1693 monachorum
700 1634 735 1692 et
758 1629 959 1692 monialium
978 1649 1097 1694 neces-

144 1726 239 1789 saria
256 1734 470 1791 statuuntur.

232 1875 282 1937 De
289 1876 435 1960 porrina
448 1875 551 1940 sancti
563 1876 707 1941 Keeelmi
720 1878 800 1961 repis
814 1887 841 1940 ot
856 1879 1016 1960 lempna.

193 1996 299 2063 Anno
327 1999 467 2062 Domini
497 2016 671 2063 ucccxxr.
702 1998 867 2076 Kenullo,
893 2021 975 2081 rege
1000 2001 1218 2065 Mer-snm.

131 2088 286 2175 ciorum,
318 2097 493 2175 defuncto,
518 2118 643 2180 corpus
674 2099 750 2182 ejus
783 2100 876 2181 apud
900 2074 1232 2165 ³Winchel·d.⁸⁸c'e¹1⁰1¹e¹di.

142 2198 302 2260 cumbam
317 2198 531 2279 sepulturam
548 2199 693 2280 accepit.
729 2198 902 2262 Successit
918 2200 948 2261 ei
963 2200 999 2262 in
1015 2220 1094 2282 reg-

143 2315 227 2358 num
242 2295 433 2360 Kenelmus
455 2297 546 2360 iilius
569 2297 657 2380 ejus
674 2316 774 2379 quem
797 2304 897 2379 pater
918 2298 993 2382 ejus
1016 2317 1094 2382 sep-

142 2402 280 2459 tennem
308 2395 538 2474 Quenedridae
561 2397 671 2460 sorori
695 2415 768 2459 suae
795 2398 1095 2464 commendaverat

40 2513 48 2526 ·
142 2494 375 2560 nutriendum.
428 2494 517 2558 Haec
533 2502 648 2559 autem
666 2494 754 2558 falsa
775 2495 940 2578 regnandi
960 2498 1094 2579 cupidi·

143 2598 217 2657 tato
231 2595 386 2671 seducta,
403 2593 602 2658 fratruelem
617 2595 660 2657 de
678 2594 791 2658 medio
812 2595 1002 2660 tollendum
1018 2590 1093 2661 ⁴sa·

142 2690 245 2758 telliti
261 2692 409 2770 cuidam,
419 2694 478 2774 qui
496 2694 656 2757 alumnus
670 2693 764 2757 illius
780 2693 906 2771 fuerat,
922 2715 1094 2759 commen·

142 2791 251 2856 davit.
304 2791 342 2856 ls
368 2793 539 2856 insontem
563 2812 719 2875 puerum,
736 2795 836 2875 quasi
851 2802 1014 2858 venatum
1031 2795 1095 2858 du·

142 2909 235 2967 cens,
256 2892 348 2955 iuter
362 2891 492 2955 fruteta
516 2892 717 2969 occultavit,
739 2893 852 2973 capite
875 2894 1094 2971 obtruncato,

142 2996 178 3052 et
200 2990 324 3053 mirum
347 2989 453 3068 dictu,
481 2991 573 3072 quod
596 3011 650 3054 res
674 2998 744 3054 tam
770 2991 880 3054 celate
906 2992 942 3053 in
965 2991 1094 3072 Anglia

140 3097 352 3171 perpetrata,
385 3089 508 3153 Romae
536 3090 689 3154 innotuit
719 3090 885 3153 divinitus
920 3090 1094 3170 revelata3

142 3187 311 3269 siquidem
345 3208 450 3272 super
474 3189 584 3252 altare
611 3189 703 3252 beati
728 3188 836 3265 Petri,
859 3189 1095 3271 apostolorum

141 3287 319 3369 principis,
335 3287 457 3351 charta
474 3288 645 3369 quaedam,
660 3286 852 3369 perferente
868 3286 1015 3351 candida
1035 3308 1094 3352 co·

141 3385 271 3464 lumba,
286 3386 414 3451 cadens
430 3387 524 3451 necis
539 3388 651 3451 sancti
669 3386 830 3449 Kenelmi
845 3387 937 3468 regis
954 3394 990 3450 et
1004 3406 1096 3451 mar·

141 3485 228 3568 tyris
252 3492 288 3550 et
306 3486 533 3569 sepulchralis
551 3486 619 3550 loci
639 3505 701 3568 per
718 3485 873 3549 ordinem
891 3485 995 3549 index
1015 3486 1093 3562 suit,

175 3649 360 3718 mmm]
376 3655 411 3704 So
426 3654 552 3716 sigebert,
568 3653 601 3702 ad
665 3649 675 3679 ³
690 3645 934 3720 winchelcumbam]
946 3652 994 3702 See
1005 3654 1095 3717 above,

139 3737 181 3772 uu.
191 3727 249 3771 821.
629 3724 662 3773 ed
682 3737 724 3771 an.
745 3726 803 3771 798.
840 3723 865 3770 Α
884 3722 985 3771 charter
1003 3723 1032 3772 oi
1051 3723 1105 3786 the,

176 3789 371 3856 ’Aquisgroni.]
397 3792 540 3842 wendover
556 3793 603 3840 har
628 3792 743 3851 founder,
754 3791 831 3840 dated
843 3796 901 3852 all,
912 3793 935 3841 ie
950 3793 1051 3853 printed
1066 3794 1092 3842 in

138 3861 199 3909 here
209 3861 328 3910 followed
344 3862 387 3911 the
404 3877 473 3911 error
489 3859 518 3910 oi
531 3861 603 3924 Sige·
630 3856 770 3922 Dugdele’e
780 3861 1053 3921 monumentorum.
1065 3878 1092 3924 p.

139 3931 203 3980 bert.
248 3931 303 3980 The
325 3932 425 3981 council
451 3930 480 3979 oi
499 3931 603 3979 Aix-la·
630 3936 688 3980 391.

137 3999 338 4061 chapelle,here
347 4000 475 4061 intended,
483 3999 603 4048 vvaeheld
664 3999 796 4048 ⁴Sotellr'ti
818 3999 939 4062 cuidem]
964 4000 998 4061 by
1020 4013 1094 4047 neme

137 4070 164 4117 in
176 4073 239 4118 alo:
252 4070 460 4133 itsproceediugs
470 4084 514 4119 arc
525 4071 604 4131 print·
628 4069 760 4118 Ascobert.
797 4068 921 4129 Compare
937 4068 980 4116 the
1001 4066 1046 4116 liic
1069 4066 1098 4115 ol

135 4138 204 4187 edin
213 4138 453 4203 Herduiu‚Collect.
462 4139 559 4189 Concil.
568 4140 602 4188 ir.
629 4140 655 4187 S.
668 4139 780 4200 Cenelm,
795 4139 821 4186 in
837 4138 904 4187 Nov.
922 4137 1033 4200 Legend.
1049 4135 1095 4187 iol.

136 4208 182 4258 fol.
195 4211 269 4257 1⁰5⁵.
628 4209 692 4258 ccvi.
704 4209 730 4256 b.

192 4298 271 4349 VOL.
289 4299 314 4347 1.
928 4297 950 4341 Τ
