3000 5004
340 472 408 536 404
597 486 731 535 rocam
757 487 804 533 aa
827 483 1035 534 waucovaa

343 643 450 719 tione,
483 642 622 706 beatum
657 643 882 708 Dunstanum
914 641 1141 706 consessionis
1184 641 1302 722 gratia

346 742 547 820 accersivit3
580 736 666 824 ¹quo
694 741 818 806 lestine
852 741 897 805 ad
930 741 1099 824 palatium
1122 739 1301 815 tendente,

347 861 418 905 vox
444 841 591 922 desuper
616 841 708 904 clare
738 841 867 917 sonuit,
898 841 974 923 ipso
1002 840 1177 916 audiente,
1194 837 1301 903 ‘Rex

350 939 528 1003 Eadredus
548 940 679 1022 jamin
703 959 789 1022 pace
807 939 963 1021 quievit,’
985 939 1029 1002 ad
1055 958 1160 1021 quam
1178 958 1300 1002 vocem

349 1058 471 1122 aquus,
497 1038 554 1101 cui
579 1039 719 1115 insedit,
743 1039 878 1120 pondus
901 1039 1067 1120 angelicae
1090 1039 1187 1101 vocis
1212 1038 1301 1101 serre

349 1156 419 1202 non
434 1138 566 1214 valens,
583 1139 715 1220 absque
728 1137 801 1200 ulla
812 1138 959 1201 sessoris
974 1137 1128 1213 laesione,
1143 1146 1301 1201 mortuus

350 1237 527 1300 interram
544 1237 685 1300 corruit.
727 1236 887 1318 Denique
909 1256 987 1300 cum
1004 1237 1157 1300 venisset
1180 1236 1225 1299 ad
1248 1256 1302 1299 re·

351 1356 429 1417 gem
445 1337 567 1399 beatus
585 1335 803 1410 Dunstanus,
821 1337 948 1417 reperit
966 1355 1080 1417 regem
1099 1336 1165 1398 sub
1180 1337 1301 1398 eodem

351 1441 506 1517 tempore
524 1428 757 1511 'defunctum
780 1455 849 1517 quo
875 1434 926 1497 illi
949 1435 1094 1516 angelus
1114 1435 1151 1496 in
1177 1435 1302 1498 itinere

351 1534 535 1597 nuntiavit.
575 1534 684 1614 Regis
699 1542 813 1597 autem
832 1552 958 1615 corpus
973 1533 1189 1597 Wintoniam
1205 1533 1302 1596 dela·

352 1639 425 1695 tum
438 1640 504 1708 est,
516 1639 552 1695 et
567 1651 589 1696 a
605 1634 706 1697 beato
722 1633 906 1696 Dunstano
917 1633 953 1696 in
966 1633 1075 1696 veteri
1091 1633 1302 1696 monasterio

352 1731 502 1794 traditur
515 1731 713 1813 sepulturae.

396 1828 571 1893 Successit
597 1830 629 1893 ei
657 1831 693 1892 in
726 1850 869 1912 regnum
901 1829 1076 1903 Eadwius,
1104 1829 1301 1893 Eadmundi

292 1927 297 1938 '
353 1928 445 2010 regis
473 1928 564 1992 lilius
589 1936 624 1992 et
650 1936 781 1993 sanctae
805 1929 943 2011 Algivae
974 1929 1116 2010 reginae,
1142 1938 1178 1994 et
1208 1930 1301 2013 apud

354 2026 591 2109 Kingstonam
613 2029 658 2091 ab
684 2027 818 2106 Odone,
846 2028 1102 2093 Dorobernensi
1135 2028 1304 2111 archiepi-

353 2146 471 2210 scopo,
495 2127 623 2209 regiam
641 2128 837 2192 unctionem
859 2128 1023 2210 suscepit.
1074 2121 1189 2191 ³Huic
1206 2147 1303 2210 quae-

353 2227 432 2290 dam
453 2227 576 2290 mulier
602 2228 733 2311 inepta,
756 2227 837 2292 licet
859 2227 998 2291 natione
1020 2227 1198 2308 precelsa,
1225 2247 1303 2291 cum

354 2326 475 2390 adulta
505 2326 577 2390 filia
609 2346 672 2409 per
707 2325 892 2390 nefandum
927 2325 1173 2390 familiaritatis
1205 2325 1303 2390 lena·

281 2487 286 2499 ,,
354 2425 482 2488 cinium
509 2425 719 2502 adhaerebat,
746 2434 786 2489 ut
810 2445 886 2490 sese
912 2425 967 2490 vel
992 2424 1098 2488 filiam
1119 2444 1219 2489 suam
1240 2427 1304 2490 sub

356 2523 532 2606 conjugali
562 2524 666 2589 titulo
699 2524 871 2605 sociaret;
903 2543 989 2607 quas
1021 2524 1092 2601 ille,
1122 2533 1162 2588 ut
1193 2525 1304 2602 aiunt,

355 2621 565 2699 alternatim,
596 2623 688 2704 quod
723 2624 836 2688 dicere
875 2623 972 2687 nefas
1005 2631 1070 2701 est,
1102 2625 1196 2706 turpi
1227 2624 1303 2707 pal·

355 2728 440 2801 patu
467 2728 501 2784 et
524 2721 655 2804 absque
677 2723 807 2804 pudore
829 2721 1009 2787 libidinose
1030 2724 1207 2787 tractavit.
1261 2723 1304 2787 In

355 2818 410 2882 die
442 2819 532 2883 enim
564 2840 634 2904 qua
663 2821 700 2884 iu
728 2842 844 2903 regem
875 2829 1096 2886 consecratus
1125 2830 1192 2898 est,
1223 2842 1302 2886 con-

355 2917 469 2982 festim
500 2928 581 3002 post
613 2921 742 3001 regiam
772 2922 983 2999 unctionem,
1011 2920 1195 2985 demensa
1223 2924 1304 2985 sub·

356 3018 406 3083 ito
434 3018 607 3102 prosilivit
630 3020 790 3104 princeps
817 3029 852 3085 et
880 3021 962 3085 laeta
992 3021 1191 3102 relinquens
1219 3041 1303 3086 con-

355 3118 461 3196 vivia,
485 3126 524 3182 nt
549 3119 699 3182 lascivus
722 3119 936 3201 voluptatem
959 3120 1120 3183 lenocinii
1146 3120 1304 3185 vinolen-

356 3224 413 3279 tus
435 3218 643 3299 compleret;
667 3218 842 3300 displicuit
868 3219 998 3282 factum
1021 3218 1246 3301 optimatibus
1269 3229 1304 3284 et

355 3315 493 3380 beatum
511 3317 671 3380 abbatem
695 3318 915 3382 Dunstanum
939 3319 1107 3382 miserunt
1120 3319 1164 3381 ad
1188 3339 1303 3402 regem

354 3414 597 3492 reducendum,
613 3423 651 3479 ut
666 3417 701 3479 in
717 3417 825 3498 regali
846 3418 1006 3482 convivio
1022 3417 1118 3482 fieret
1127 3419 1304 3500 jucundus

354 3531 520 3591 assessor,
551 3517 611 3598 qui
638 3515 745 3597 juxta
773 3517 964 3598 principum
988 3517 1101 3600 jussa,
1138 3516 1304 3601 adjuncto

354 3613 420 3676 sibi
442 3606 610 3696 ⁴Cynesio
637 3613 811 3697 episcopo,
837 3624 987 3696 cognato
1011 3635 1087 3693 suo,
1112 3616 1303 3681 thalamum

353 3711 531 3792 ingressus
553 3714 760 3777 invenerunt
775 3734 937 3779 coronam
961 3715 1103 3796 regiam,
1122 3715 1305 3798 splendore

390 3908 398 3942 ¹
414 3913 602 3972 Quosertioeod
610 3915 751 3979 pataliam]
762 3916 816 3965 'l'he
841 3930 911 3964 sama
933 3920 1002 3976 story
1020 3916 1043 3964 is
1065 3915 1144 3964 found
1161 3917 1189 3964 in
1208 3916 1244 3966 all
1262 3917 1305 3965 the

355 3995 424 4031 same
435 3988 503 4045 story
512 3986 534 4032 is
545 3983 641 4033 related
653 3985 707 4032 also
716 3985 749 4044 by
759 3986 817 4034 Flo·
841 3987 904 4034 lives
915 3985 943 4034 of
951 3985 1092 4034 Dunstam

353 4065 436 4114 renea,
446 4053 508 4102 from
520 4048 640 4103 Osbern's
654 4052 708 4115 lile,
719 4069 745 4114 p.
760 4059 815 4106 104.
877 4052 886 4081 ⁴
900 4048 1024 4122 synesio]
1036 4053 1118 4104 called
1130 4055 1164 4116 by
1177 4055 1305 4105 Bridfertb

389 4119 577 4183 'DesuactamJ
596 4122 697 4170 Eadred
713 4123 773 4172 died
790 4131 817 4173 at
841 4123 970 4187 ‘Cynegia
981 4125 999 4186 ;'
1020 4124 1150 4186 supposed
1172 4130 1198 4173 to
1216 4126 1246 4174 be
1263 4126 1305 4175 lbe

353 4189 441 4240 Prome
452 4207 485 4240 on
496 4191 537 4240 the
548 4191 610 4240 23rd
624 4192 775 4244 November.
841 4208 910 4242 same
928 4194 990 4243 with
1011 4194 1097 4254 Kinsi,
1118 4210 1147 4243 or
1171 4196 1304 4256 Kiusmus,

388 4258 479 4308 ’Huic
500 4262 608 4324 quedam
630 4262 738 4325 mallen]
762 4262 816 4312 'l'he
840 4264 931 4326 bisbop
943 4263 972 4314 of
981 4263 1104 4313 Lichlleld
1115 4264 1205 4314 atthis
1214 4266 1284 4316 time.
