3000 5004
353 457 419 521 300
610 471 744 519 noonnr
770 472 817 518 nn
840 470 1048 518 wnunovnn

354 628 487 693 scilicet
502 628 692 706 Ethelredi,
704 628 840 693 comitis
854 621 1083 702 ¹Gannorum,
1100 623 1160 707 qui
1176 644 1308 706 cogno·

354 729 552 791 minabatur
569 734 579 762 ‘
593 727 758 803 Muchel,'
768 726 860 809 quod
874 726 1018 790 Latine‘
1029 723 1180 806 grandis’
1189 731 1306 787 sonat.

355 825 473 889 Mater
495 846 578 889 vero
604 827 680 910 ejus
706 826 894 907 Eadburga
916 826 1107 901 dicebatur,
1129 823 1173 886 de
1198 822 1307 885 nobili

354 943 481 1004 genere
506 944 625 1006 regum
652 924 918 1008 praedictorum3
941 923 1058 1006 puella
1082 941 1176 998 vero,
1199 940 1306 1004 qnam

353 1022 637 1107 desponsaverat,
648 1022 823 1088 Alswitha
837 1023 1025 1086 dicebatur.
1054 1014 1198 1085 'Eodem
1213 1039 1307 1082 anno

353 1122 559 1204 saepedictus
578 1123 758 1186 Danornm
782 1123 957 1185 exercitus
980 1118 1307 1185 Northanhnmbros

353 1215 804 1302 deserens,³Snotingeham
821 1221 906 1285 adiit
921 1228 957 1284 et
972 1219 1098 1283 ibidem
1113 1217 1303 1302 hyemavit.

353 1318 603 1402 snotingeham
620 1328 737 1384 autem
752 1318 952 1383 Britannice
970 1317 1237 1400 ‘Tinguobanc'
1251 1317 1305 1380 di·

352 1419 454 1496 citur,
471 1418 597 1483 Latine
606 1439 688 1483 vero
699 1424 709 1453 ‘
720 1418 843 1482 domus
857 1418 1120 1501 speluncarum!
1151 1415 1305 1479 Burhre-

352 1517 417 1580 dus
447 1538 584 1601 quoque
615 1538 676 1582 rex
705 1517 927 1594 Marciorum,
953 1516 1072 1581 audito
1094 1535 1213 1581 eorum
1243 1515 1306 1578 ad-

352 1625 471 1693 ventu,
485 1619 626 1681 nuutios
642 1617 686 1681 ad
703 1636 819 1699 regem
839 1616 1102 1680 occidentalium
1124 1614 1304 1678 Saxonum

354 1714 576 1779 Ethelredum
599 1717 693 1779 etad
711 1715 851 1779 fratrem
868 1716 945 1799 ejus
960 1714 1142 1779 Alfredum
1163 1713 1304 1790 direxit,

352 1814 555 1895 suppliciter
586 1814 754 1878 auxilium
793 1815 1022 1896 postulantes,
1052 1833 1122 1896 quo
1160 1820 1306 1895 possent

353 1910 431 1975 Deo
446 1919 483 1975 et
496 1912 692 1975 bominibus
714 1933 929 1996 paganorum
945 1914 1095 1977 invisum
1111 1913 1304 1975 exercitum

353 2029 567 2092 expugnare.
620 2011 691 2090 Qui
714 2014 872 2095 protinus
890 2011 1040 2094 undique
1059 2012 1228 2075 immenso
1242 2031 1306 2074 ex·

353 2111 462 2174 ercitu
489 2118 713 2192 congregato,
732 2111 942 2175 Merciorum
965 2129 1081 2191 regem
1104 2109 1246 2185 adeunt,
1270 2117 1307 2173 et

353 2228 464 2292 usque
486 2210 530 2272 ad
549 2209 796 2290 snotingeham
822 2210 950 2274 bellum
963 2215 1160 2291 quaerentes
1180 2209 1305 2271 unani·

353 2309 455 2371 miter
480 2315 735 2391 pervenerunt;
768 2328 916 2391 cumque
946 2308 1087 2390 pagani,
1112 2308 1204 2371 arcis
1236 2308 1305 2371 tui·

354 2407 448 2469 tione
477 2407 613 2482 muniti,
640 2405 796 2489 praelium
824 2426 1005 2471 conserere
1031 2406 1245 2487 denegarent
1271 2414 1307 2470 et

355 2503 542 2568 Christiani
555 2525 673 2568 muros
687 2507 902 2587 confringere
916 2523 985 2569 non
998 2504 1205 2582 sufficerent,
1220 2524 1307 2588 pace

353 2602 444 2666 inter
470 2603 621 2668 Mercios
644 2612 680 2668 et
699 2624 856 2687 paganos
879 2604 922 2668 ad
941 2612 1078 2687 tempus
1100 2605 1306 2686 composita,

353 2701 482 2782 singuli
500 2702 543 2765 ad
560 2704 701 2785 propria
718 2712 800 2767 sunt
816 2704 956 2768 reversi.
1009 2703 1139 2767 Eodem
1150 2711 1306 2786 tempore

353 2802 542 2864 oratorium
573 2803 685 2865 sancti
711 2801 862 2868 Andreae
890 2802 1039 2886 apostoli
1064 2802 1228 2866 Kemesie
1260 2803 1306 2864 ab

352 2891 1306 2984 ⁴Alcnvino,Wigornensiepiscopo,constrnetumetde·

354 2997 506 3062 dicatum
523 3008 587 3064 est.
639 2999 740 3063 Tunc
754 2994 907 3064 ⁵cometa
923 3001 1086 3084 apparuit
1100 3000 1295 3065 manifeste.

191 3109 302 3151 huwe
404 3096 509 3161 Anno
528 3099 670 3162 Domini
688 3115 888 3163 ucccnxrx.
903 3100 1071 3183 praefatus
1088 3118 1305 3182 paganorum

190 3159 236 3200 The
244 3161 316 3203 Danu

190 3210 297 3300 mn
353 3198 539 3273 exercitus,
564 3197 608 3261 ad
632 3196 959 3263 Northanhumbros
983 3199 1095 3263 denuo
1118 3201 1306 3276 transiens,

353 3294 548 3360 Eboracum
562 3297 662 3379 petiit
680 3297 857 3361 civitatem
874 3305 910 3362 et
926 3299 1052 3362 ibidem
1066 3291 1274 3384 “hyemavit

444 3471 494 3534 De
500 3470 592 3553 sacto
606 3470 795 3535 edruiruudo
809 3469 904 3536 Elia
919 3468 1077 3535 abbatisse
1092 3478 1215 3535 cande.

189 3613 244 3654 au.
254 3611 299 3654 uo.
395 3592 501 3657 Anno
512 3595 654 3659 Domini
672 3612 855 3660 occhXX.
865 3586 1123 3677 'applicuerunt
1137 3595 1174 3658 in
1188 3595 1309 3660 Scotia

385 3817 393 3851 ¹
403 3820 565 3887 Gaunorum,]
573 3823 813 3885 orGainsborongb‚
837 3824 872 3884 by
884 3821 1013 3871 Florence.
1039 3822 1151 3884 Kemesy
1163 3837 1219 3872 was
1230 3825 1308 3876 astera

348 3890 463 3941 Lineoln.
837 3891 922 3940 warde
945 3891 1034 3940 united
1055 3897 1082 3940 to
1104 3891 1146 3940 the
1165 3892 1262 3945 church
1279 3896 1309 3946 oi

384 3957 495 4010 'Eodem
512 3962 604 4025 anna]
630 3961 704 4009 From
725 3962 814 4024 Aeser,
837 3962 988 4010 Worcester.

347 4044 373 4092 p.
386 4034 426 4079 19.
871 4027 1015 4092 ‘Cornetnd
1027 4030 1061 4078 So
1072 4028 1302 4093 llorence,adan.

381 4093 595 4165 'Snotiagebam.]
605 4099 635 4146 ln
644 4113 723 4161 marg.
733 4100 740 4128 ⁴
749 4101 813 4149 Not·
872 4096 883 4129 ⁶
894 4098 1056 4163 Hyameia]
1079 4098 1161 4148 ‘anno
1180 4101 1307 4166 integro?

346 4168 479 4231 tingbam.'
837 4170 998 4232 Asser,Sax.
1010 4168 1104 4219 Chron.
1160 4234 1162 4237 ι

380 4236 522 4301 werdina]
530 4237 674 4288 ealledalso
682 4239 690 4266 ‘
699 4238 812 4288 Alhuno’
871 4236 1067 4303 ⁷Applicnemt
1077 4239 1104 4288 in
1116 4235 1228 4310 soom]
1242 4243 1305 4294 Nei-
