3000 5004
354 431 420 497 218
612 447 746 498 noenru
771 448 818 495 nn
841 445 1049 495 wannovnu

354 605 539 685 diligenter
556 603 746 681 exhortari,
764 612 804 667 ut
822 604 878 667 vel
904 612 987 668 tunc
1010 601 1124 667 adhuc
1146 602 1184 665 in
1206 622 1313 667 carne

355 705 490 787 positus
513 704 556 767 ad
590 703 829 785 poenitentiam
861 703 1013 782 rediret;
1045 702 1225 784 respondit
1250 702 1312 765 ille

355 803 556 885 desperans,
581 803 688 867 ‘Nou
714 810 768 866 est
796 802 878 866 mihi
906 802 1009 866 modo
1037 808 1176 883 tempus
1199 801 1309 865 vitam

355 902 524 980 mutandi,
546 922 624 966 cum
649 903 724 983 ipse
741 901 886 966 viderim
906 900 1076 984 judicium
1100 919 1213 964 meum
1232 900 1310 982 jam

355 1021 432 1066 esse
460 1001 668 1084 completum
687 999 707 1080 3'
739 1009 776 1064 et
805 1001 890 1064 talia
914 999 1046 1076 diceus,
1072 1000 1147 1063 siue
1178 1000 1311 1063 viatico

355 1100 515 1165 decessit.
568 1100 648 1164 Hoc
665 1119 803 1182 quoque
817 1100 947 1163 factum
964 1100 1070 1180 longe
1084 1099 1223 1180 lateque
1240 1097 1309 1160 dif-

354 1200 534 1277 famatum,
565 1200 693 1264 multos
723 1199 768 1262 ad
794 1199 965 1280 agendam
991 1205 1027 1261 et
1057 1217 1127 1262 non
1152 1196 1312 1260 differen-

354 1299 434 1363 dam
452 1300 619 1364 scelerum
637 1317 777 1362 suorum
795 1296 1038 1380 poenitentiam
1054 1297 1270 1380 provocavit.

527 1470 576 1533 De
589 1469 685 1535 stellis
699 1468 786 1533 circo
800 1468 890 1533 solem
904 1469 1135 1554 apparentibus.

406 1592 511 1657 Anno
531 1594 655 1675 gratiae
682 1608 864 1655 dccxxix.
882 1601 1117 1675 apparuerunt
1138 1591 1232 1655 circa
1253 1611 1312 1656 so-

356 1693 423 1756 lem
452 1687 548 1756 ¹duae
571 1692 682 1755 stellae
709 1691 902 1768 horribiles
929 1711 1074 1772 quarum
1100 1710 1171 1754 una
1201 1691 1312 1754 solem

356 1790 574 1873 praecedebat
598 1791 777 1866 orientem,
800 1798 835 1854 et
857 1790 967 1854 altera
989 1792 1199 1873 sequebatur
1219 1791 1312 1854 occi·

357 1891 507 1966 dentem,
540 1889 640 1970 quasi
673 1890 797 1952 orienti
830 1888 933 1953 simul
962 1898 999 1953 et
1029 1889 1200 1953 occidenti
1224 1889 1311 1953 dirae

356 1988 466 2053 cladis
488 2006 670 2070 praesagae,
693 1988 749 2051 vel
769 1996 862 2053 certe
886 2006 956 2052 uua
973 1989 1041 2051 diei
1063 1989 1177 2052 altera
1197 1989 1311 2052 noctis

356 2087 592 2169 praecurrebat
613 2094 787 2164 exortum,
807 2095 847 2152 ut
869 2097 1016 2170 utroque
1039 2095 1194 2169 tempore
1216 2087 1311 2151 mala

357 2187 562 2251 mortalibus
592 2187 769 2250 imminere
801 2186 1047 2269 significarent.
1114 2186 1311 2250 Portabant

357 2293 474 2350 autem
497 2286 624 2349 fascem
650 2287 741 2367 ignis
767 2293 889 2349 contra
916 2285 1124 2367 aquilonem,
1148 2285 1192 2348 ad
1217 2287 1309 2349 occi-

356 2384 494 2449 dentem
521 2385 699 2461 acclivem,
728 2385 1010 2467 apparebantque
1046 2403 1162 2447 mense
1195 2383 1308 2448 Janu·

354 2485 441 2561 ario,
467 2491 503 2547 et
527 2484 598 2547 fere
631 2504 697 2566 per*
720 2483 793 2546 dies
821 2483 1014 2566 quindecim
1048 2484 1308 2565 permanebant.

355 2581 436 2660 Quo
454 2591 609 2664 tempore
625 2583 832 2664 gravissima
848 2602 1063 2664 paganorum
1079 2582 1154 2645 lues
1172 2581 1308 2645 Gallias

354 2690 390 2745 et
412 2681 619 2764 Hispaniam
643 2681 828 2745 miserabili
854 2681 948 2744 caede
971 2681 1169 2756 vastabant,
1189 2680 1250 2744 sed
1274 2690 1309 2745 et

353 2780 420 2862 ipsi
444 2800 512 2844 non
536 2780 645 2844 multo
667 2788 747 2862 post
773 2781 810 2843 in
832 2781 951 2843 eadem
983 2781 1162 2862 provincia
1184 2779 1308 2862 dignas

353 2897 427 2943 suae
443 2879 596 2963 perfidiae
613 2899 736 2963 poenas
752 2880 992 2943 miserabiliter
1002 2880 1153 2943 luebant.

692 3052 967 3136 Grcporicepopo.

189 3213 298 3253 „Dm
403 3174 508 3239 Anno
531 3175 654 3256 gratiae
677 3191 846 3239 nccxxx.
865 3169 1075 3257 ²Gregorius
1100 3195 1193 3259 papa
1217 3178 1308 3243 sedit

191 3265 283 3314 ⁰³⁸⁰*
289 3264 333 3304 ¹¹¹·
353 3274 477 3339 Romae
496 3276 594 3338 annis
613 3274 742 3337 decem.
796 3275 926 3339 Eodem
940 3295 1031 3339 anno
1048 3295 1110 3339 rex
1126 3274 1306 3340 Northan-

189 3395 249 3435 orne
258 3395 340 3443 mun·
353 3373 572 3437 humbrorum
581 3367 742 3437 ³Osricus
756 3372 921 3438 Ceolwlso
932 3394 1077 3455 regnum
1090 3394 1203 3452 suum,
1213 3376 1307 3456 quod

189 3445 340 3535 'tl'ciililll
351 3473 545 3555 quindecim
573 3474 674 3536 aunis
699 3480 870 3550 tenuerat,
896 3473 1059 3554 reliquit3
1091 3472 1157 3537 fuit
1188 3482 1305 3539 autem

352 3572 540 3636 Ceolwlt'us
566 3570 658 3634 filius
685 3571 821 3648 Cuthae,
846 3572 906 3653 qui
933 3571 998 3636 fuit
1028 3572 1215 3650 cuthwini,
1244 3576 1305 3656 qui

386 3809 472 3859 ¹Dnoe
484 3806 584 3878 stelle]
602 3812 663 3861 This
675 3818 782 3862 account
793 3814 816 3862 is
875 3809 1055 3876 ’σημήνω
1080 3813 1123 3862 the
1147 3814 1225 3865 third.
1261 3815 1306 3865 He

349 3881 412 3929 from
432 3880 512 3941 Beda,
528 3879 541 3946 ξ
557 3885 614 3942 tte,
630 3883 713 3932 whom
731 3883 817 3931 Calvi·
840 3881 899 3931 died
912 3884 938 3931 iu
951 3883 1140 3943 November,in
1151 3887 1210 3934 tel.

350 3951 406 4000 eius
424 3950 487 3999 cites
506 3965 536 3998 as
552 3950 594 4001 the
610 3952 670 4013 only
687 3953 815 4012 authority
876 3946 1022 4020 'Ost-iem]
1059 3952 1131 4002 Beda
1153 3954 1240 4015 places
1264 3953 1306 4004 his

349 4019 389 4070 for
398 4019 460 4069 such
469 4033 501 4068 an
509 4034 677 4082 appearance.
695 4022 814 4071 Florence
839 4020 916 4069 death
932 4036 964 4070 ou
981 4026 998 4070 9
1015 4021 1079 4083 May
1093 4025 1159 4083 7293
1181 4023 1224 4073 the
1242 4024 1304 4075 Sex.

350 4095 429 4140 etates
446 4088 501 4137 that
518 4090 539 4139 it
557 4092 616 4141 took
636 4093 709 4154 place
726 4092 752 4140 in
771 4090 814 4140 the
840 4088 935 4140 chron.
947 4096 999 4139 two
1015 4105 1090 4152 years
1107 4091 1305 4154 afterwardain

350 4159 435 4210 mouth
446 4159 475 4209 of
482 4159 608 4222 lanuary.
839 4158 923 4209 which
935 4161 955 4208 it
965 4161 1020 4209 aleo
1031 4161 1131 4210 recorda
1147 4163 1190 4212 the
1205 4177 1306 4212 sumes·

839 4229 894 4277 sion
905 4230 934 4279 of
942 4230 1130 4292 ecolesinam
1141 4231 1181 4282 his
1192 4233 1305 4283 descent.
