3000 5004
192 3114 297 3165 nerrgron,

342 448 364 512 8
603 463 737 512 nocam
762 462 809 510 nn
833 461 1041 509 wunnovnn

343 624 402 686 dia
431 622 548 686 debita
576 622 808 703 providerent.
856 619 1082 685 Advenerunt
1113 624 1230 682 autem
1253 617 1296 680 de

346 722 456 786 tribus
473 720 670 785 Germaniae
682 720 820 804 populis
838 721 1050 796 fortioribus,
1065 719 1101 782 id
1116 726 1182 795 est,
1194 711 1296 781 ¹Sax-

346 821 483 897 onibus,
512 819 638 902 Anglis
661 829 697 884 et
725 819 747 884 J
752 819 833 884 utis.
887 819 941 882 De
965 819 1130 883 Jutarum
1160 817 1296 898 origine

348 927 430 984 sunt
455 919 636 984 cantuarii
663 925 699 983 et
714 918 923 998 Wictuarii;
954 917 1029 982 haec
1049 925 1104 982 est
1126 936 1170 981 ea
1197 935 1296 998 gens,

348 1038 426 1102 quae
455 1019 603 1083 Vectem
634 1025 729 1082 tenet
758 1017 920 1095 insulam,
944 1026 979 1082 et
1008 1036 1051 1081 ea
1074 1037 1153 1099 quae
1187 1034 1297 1099 usque

349 1117 451 1181 hodie
473 1118 509 1181 in
531 1118 710 1200 provincia
736 1116 1002 1181 occidentalium
1025 1117 1204 1180 Saxonum
1228 1115 1297 1179 Ju-

348 1225 462 1281 tarum
485 1218 581 1282 natio
605 1217 812 1293 nominatur,
827 1218 942 1299 posita
965 1224 1087 1280 contra
1110 1217 1221 1299 ipsam
1243 1215 1298 1278 in·

348 1317 461 1380 sulam
475 1316 635 1382 Vectem.
688 1316 744 1380 De
767 1315 966 1381 Senonibus
986 1335 1082 1393 vero,
1106 1315 1141 1379 id
1165 1321 1231 1392 est,
1255 1333 1298 1377 aa

350 1419 502 1498 regione,
525 1437 604 1500 quae
627 1436 719 1480 nunc
747 1417 968 1496 antiquorum
991 1414 1169 1480 Saxonum
1200 1414 1298 1478 natio

350 1519 626 1598 cognominatur,
652 1535 777 1580 venere
809 1515 995 1579 orientales
1026 1513 1197 1590 Saxones,
1224 1533 1298 1577 me·

351 1615 475 1679 ridiani
503 1615 673 1692 Saxones,
699 1622 735 1678 et
759 1614 903 1678 occidui.
956 1613 1067 1678 Porro
1089 1613 1132 1677 (le
1157 1612 1297 1694 Anglis,

351 1714 417 1777 hoc
433 1721 487 1777 est
502 1714 544 1777 de
560 1714 621 1777 illa
646 1714 760 1796 patria
776 1733 855 1796 quae
872 1712 1033 1795 Angulus
1050 1713 1188 1790 dicitur,
1204 1719 1240 1775 et
1253 1712 1297 1775 ab

351 1833 393 1877 eo
418 1822 573 1896 tempore
602 1832 711 1894 usqne
738 1812 840 1876 hodie
870 1832 1010 1876 manere
1039 1812 1196 1876 desertus
1218 1831 1298 1894 per-

351 1911 500 1989 hibetur,
531 1912 715 1976 orientales
750 1910 871 1994 Angli,
902 1912 1144 1976 mediterranei
1179 1910 1299 1993 Angli,

353 2011 489 2089 Mercii‚
513 2019 588 2077 tota
617 2010 1001 2076 Northanhumbrorum
1025 2031 1123 2093 gens,
1146 2030 1224 2094 quaa
1254 2010 1300 2074 ad

352 2111 491 2175 boream
510 2111 660 2175 Humbri
687 2111 837 2175 fluminis
855 2110 1001 2189 habitat,
1023 2112 1208 2194 caeterique
1223 2108 1299 2173 An-

352 2211 486 2293 glorum
502 2212 622 2294 populi
640 2219 721 2276 sunt
740 2211 865 2276 exorti.
910 2211 1028 2275 Duces
1045 2230 1164 2275 eorum
1186 2208 1301 2293 perhi-

351 2312 477 2375 bentur
499 2311 606 2375 fuisse
627 2312 696 2375 duo
720 2309 844 2375 fratres
868 2308 1064 2392 Hengistus
1089 2317 1125 2374 et
1149 2308 1301 2381 Horsus.

351 2412 412 2493 qui
440 2411 580 2474 suerunt
604 2411 665 2473 filii
690 2410 902 2493 Wicthgisii,
926 2400 1026 2493 cujus
1053 2416 1153 2491 pater
1167 2408 1299 2486 Wicta,

353 2510 454 2593 cujus
493 2517 593 2592 pater
621 2509 759 2586 Wecta,
801 2509 900 2593 cujus
937 2516 1036 2591 pater
1068 2507 1217 2585 Woden,
1256 2509 1300 2573 de

353 2609 453 2691 cujus
493 2610 601 2691 stirpe
641 2608 827 2672 multarum
869 2608 1123 2692 provinciarum
1167 2608 1301 2689 regium

353 2726 464 2789 genus
500 2708 668 2790 originem
698 2702 834 2772 ²duxit.
899 2708 1056 2790 Cumque
1088 2707 1227 2771 tandem
1263 2709 1300 2771 in

353 2808 538 2889 praesentia
567 2809 660 2890 regis
691 2815 807 2872 essent
839 2808 1032 2884 constituti,
1062 2808 1224 2889 quaesivit
1255 2809 1301 2872 ab

354 2907 416 2982 eis,
452 2926 556 2988 quam
592 2907 694 2971 fidem
733 2927 905 2990 quamque
940 2908 1141 2989 religionem
1182 2914 1300 2989 patres

354 3025 473 3069 eorum
506 3006 713 3085 coluissent;
754 3009 810 3071 cui
844 3007 1052 3088 Hengistus,
1081 3007 1204 3070 ‘Deos
1237 3025 1301 3089 pa-

354 3107 452 3183 trios,
478 3105 610 3170 scilicet
635 3106 834 3187 Saturnum,
861 3106 988 3170 Jovem
1020 3114 1125 3189 atque
1155 3113 1301 3170 caeteros

353 3207 412 3288 qui
443 3206 608 3270 mnndum
635 3207 842 3286 gubernant,
875 3206 1031 3283 colimus,
1061 3204 1212 3269 maxime
1241 3224 1304 3269 au-

355 3312 433 3369 tem*
464 3306 687 3383 Mercurium,
719 3325 821 3388 quem
855 3305 992 3369 Woden
1029 3306 1150 3386 lingua
1182 3311 1303 3369 nostra

354 3405 592 3487 appellamus;
616 3405 696 3469 hnic
735 3415 868 3469 veteres
905 3405 1014 3468 nostri
1056 3404 1303 3468 dedicaverunt

353 3512 514 3585 quartam
537 3505 656 3568 feriam
680 3506 897 3587 septimanae,
923 3523 1001 3585 quae
1029 3505 1064 3566 in
1086 3503 1177 3566 hunc
1202 3502 1302 3568 hodi-

354 3622 473 3666 ernum
497 3604 587 3666 diem
602 3610 611 3637 ‘
625 3602 877 3667 Wodenesdai'
892 3605 1016 3669 sortita
1033 3611 1098 3667 est.
1150 3602 1238 3667 Post
1259 3603 1302 3667 il·

352 3700 424 3764 lum
439 3701 584 3765 colimus
603 3702 713 3765 Deam
730 3702 822 3765 inter
844 3711 988 3767 caeteras
1012 3703 1301 3786 potentissimam,
1377 3705 1380 3710 '

352 3800 522 3863 vocabulo
540 3801 677 3878 Fream,
697 3801 754 3864 cui
775 3803 879 3865 etiam
899 3802 1146 3866 dedicaverunt
1165 3810 1302 3867 sextam

387 4021 557 4086 ¹Saxonibaa,
573 4023 666 4087 Anglis
681 4029 706 4073 et
721 4026 813 4089 Jutin]
839 4029 868 4077 oi
888 4027 930 4077 the
956 4029 1063 4089 Saxona,
1079 4028 1130 4078 vol.
1153 4029 1171 4079 i.
1194 4044 1220 4091 p.
1245 4035 1302 4094 lm,

354 4096 404 4146 For
420 4109 436 4143 a
450 4110 511 4156 very
525 4095 593 4144 clear
608 4101 715 4145 account
728 4096 757 4145 os
771 4096 813 4145 the
838 4096 914 4148 taken
926 4098 988 4147 smrn
1001 4097 1107 4148 Ussher.

353 4166 465 4215 districts
480 4166 597 4214 tenanted
616 4167 648 4228 by
665 4168 734 4216 these
752 4183 812 4228 peo-
871 4164 998 4230 'DuxitJ
1020 4168 1074 4218 The
1091 4168 1182 4218 former
1201 4176 1258 4232 part
1274 4171 1303 4220 oi

352 4237 403 4300 ple,
414 4251 456 4286 seo
473 4235 569 4286 Shuron
578 4238 685 4301 Turner,
705 4238 810 4299 History
836 4235 885 4288 this
897 4239 1001 4301 chapter
1012 4239 1034 4287 is
1045 4239 1107 4289 from
1122 4239 1203 4302 Beda,
1213 4240 1227 4303 §
1239 4243 1280 4291 w.
