3000 5004
348 433 414 501 las
602 449 737 497 aoonnr
763 449 810 496 nn
833 448 1040 497 wnunovnn

350 602 678 678 lectiunculam
703 602 880 667 literarum
907 603 1123 669 dulcedinem
1148 603 1305 670 homines

352 702 592 786 experirentur
621 710 785 782 agrestes.
837 701 1007 780 Tandem,
1032 704 1151 767 seculo
1181 724 1305 769 renun-

354 803 447 867 tians
462 821 504 865 ac
519 795 739 865 ¹monachum
756 801 914 879 induens,
931 802 1059 886 Egrico
1074 812 1226 885 cognato
1240 824 1306 869 sno

355 902 518 967 thronum
536 901 634 981 regni
651 900 801 983 reliquit.

406 999 511 1064 Anno
541 1000 663 1081 gratiae
690 1016 889 1065 ncxxxvn.
918 994 1123 1087 ²severinus
1146 1003 1238 1068 sedit
1268 1006 1304 1068 in

247 1151 252 1161 .
355 1099 521 1164 cathedra
546 1098 707 1163 Romana
731 1100 832 1162 annis
855 1099 1003 1177 dnobus,
1027 1103 1201 1166 mensibus
1219 1124 1307 1186 qna-

355 1206 436 1264 tuor
457 1209 493 1262 et
510 1198 629 1262 diebus
647 1199 770 1280 viginti
790 1219 925 1264 novem.
978 1200 1048 1263 Per
1063 1201 1152 1264 idem
1170 1211 1306 1286 tempus

356 1299 475 1364 floruit
487 1300 523 1362 in
539 1296 657 1360 Gallia
668 1291 884 1376 ³Audoenus,
900 1300 1094 1381 Dagoberti
1111 1303 1203 1383 regis
1221 1304 1308 1367 refe-

357 1399 548 1474 rendarius,
583 1396 661 1460 ideo
692 1396 818 1475 dictus,
849 1399 932 1480 quia
959 1419 1021 1481 per
1048 1419 1127 1463 eum
1158 1403 1307 1483 puhlicae

355 1497 628 1579 conscriptiones
653 1496 783 1560 annulo
801 1517 861 1560 sen
885 1497 1001 1580 sigillo
1025 1500 1118 1582 regis
1142 1499 1307 1566 edilium

356 1598 477 1662 relata>
493 1595 796 1660 confirmabuntur.

409 1693 514 1758 Anno
538 1695 661 1775 gratiae
685 1690 1223 1763 ooxxxv111.sanctus⁴haudo
1247 1700 1309 1764 do-

302 1795 307 1806 '
358 1794 439 1871 ruit,
453 1794 512 1876 qui
529 1792 750 1858 humbertum
764 1803 845 1877 post
858 1796 1057 1878 episcopum
1071 1804 1106 1861 et
1121 1807 1308 1882 martyrem

357 1913 380 1959 a
395 1913 503 1978 puero
520 1893 689 1970 imbuens,
704 1895 739 1957 in
756 1895 849 1958 viam
864 1896 1022 1960 veritatis
1035 1896 1185 1961 induxit.

651 2091 788 2155 loannes
802 2090 881 2155 cedit
895 2092 1007 2183 Roma.

410 2213 513 2278 Anno
536 2215 660 2296 gratiae
683 2231 875 2280 ccxxxix.
892 2210 1066 2280 ‘Joannes
1082 2218 1173 2282 sedit
1195 2220 1231 2283 in
1253 2241 1311 2284 ca·

358 2312 482 2377 thedra
506 2313 669 2377 Romana
685 2334 775 2378 anno
797 2335 878 2392 uno,
895 2317 1069 2381 mensibus
1083 2326 1175 2395 octo,
1190 2319 1312 2385 diebus

358 2413 596 2490 novendecim,
615 2423 651 2478 et
668 2414 819 2478 cessavit
839 2415 938 2479 sedes
964 2436 1081 2480 mense
1103 2436 1173 2482 uno
1189 2429 1225 2482 et
1242 2420 1314 2483 die-

359 2513 424 2575 bus
441 2512 613 2576 tredecim.

591 2706 778 2772 Eadbaldue
793 2730 847 2774 rec
863 2712 980 2775 Oaatiae
995 2711 1079 2777 obiit.

413 2832 518 2897 Anno
547 2834 671 2915 gratiae
698 2849 806 2896 ncxn.
834 2828 1055 2900 ⁶Theodorus
1080 2836 1169 2901 sedit
1195 2839 1231 2901 in
1255 2859 1313 2903 ca·

251 2991 257 3003 ,
362 2933 485 2997 thedra
513 2932 674 2997 Romana
708 2934 809 2996 annis
839 2953 915 3011 sex,
942 2938 1117 3000 mensibus
1148 2939 1313 3020 quinque,

362 3032 482 3097 diebus
509 3042 601 3110 octo,
630 3040 666 3097 et
695 3034 846 3096 cessavit
874 3034 973 3097 sedes
999 3035 1119 3100 diebus
1145 3040 1313 3119 quinqua·

362 3134 462 3214 ginta
475 3134 622 3197 duobus.
664 3132 795 3195 Eodem
811 3151 902 3196 anno
918 3133 1131 3213 EadhalduS,
1143 3156 1206 3200 rex
1222 3138 1314 3201 Can-

363 3235 566 3309 tuariorum,
602 3252 646 3296 ex
680 3231 745 3295 hac
776 3231 849 3294 vita
881 3234 1065 3311 transiens,
1100 3236 1186 3300 duos
1223 3238 1313 3300 filios

395 3465 403 3497 ¹
416 3466 562 3515 Monachum
580 3466 704 3528 induem]
723 3465 765 3515 He
782 3466 824 3513 be·
884 3464 1057 3531 Medma]
1069 3484 1098 3517 or
1110 3470 1194 3522 Dedo.
1230 3472 1278 3522 See
1288 3474 1313 3522 le

360 3551 431 3586 came
457 3552 473 3587 a
495 3536 571 3585 monh
590 3535 619 3585 oi
638 3537 711 3596 Bury
728 3537 755 3586 S.
772 3536 825 3583 Ed·
848 3537 947 3594 Cointe,
958 3538 1052 3588 Annal.
1064 3540 1092 3589 ii.
1103 3544 1161 3590 84⁸,

360 3608 471 3669 mund's,
487 3607 532 3655 hut
543 3620 597 3654 was
608 3605 670 3653 with
688 3606 766 3667 Egric
784 3604 824 3653 his
883 3619 1010 3684 qam]
1032 3625 1074 3673 fle
1085 3640 1139 3674 w„
1151 3625 1206 3674 Μ
1222 3627 1313 3689 δῖψορ

360 3691 492 3726 successor
519 3689 580 3724 ⁸0⁰ss
608 3674 673 3754 aflet
695 3675 761 3722 ⁸¹⁸³ss
790 3675 824 3735 b!
848 3690 1021 3743 osCoutance.
1057 3695 1105 3744 See
1114 3696 1173 3746 Act.
1185 3697 1230 3747 SS.
1242 3699 1313 3760 Sept.

360 3745 460 3794 Penda.
504 3745 571 3793 Flor.
590 3744 704 3805 Wrgorn.
726 3743 759 3792 nd
782 3758 822 3793 an.
847 3763 902 3812 1¹5,

360 3818 419 3912 ὡς’
428 3879 580 3943 Severinum]
606 3882 722 3944 sigebert
738 3882 824 3943 places
882 3851 1029 3918 mmm]
1042 3855 1084 3904 He
1096 3855 1166 3919 Μ’
1176 3858 1313 3921 according

361 3952 412 4001 this
423 3964 489 4011 pope
501 3948 558 3997 four
569 3966 643 4012 years
662 3953 752 4001 earlier
763 3951 823 3999 than
848 3927 874 3971 ω
886 3924 963 3988 Pagi’
975 3929 1003 3972 ¹¹
1018 3926 1076 3974 ⁰⁰²·
1088 3929 1145 3976 (Μ’

360 4036 407 4071 our
430 4019 529 4068 author.
578 4021 620 4070 He
642 4023 664 4070 is
686 4022 824 4084 supposed,
884 4014 1064 4081 ⁸Theodorus.]
1083 4019 1124 4067 Hc
1136 4021 1195 4069 died
1207 4025 1238 4070 1³
1249 4022 1313 4082 May

360 4091 487 4151 however,
505 4091 537 4149 hy
551 4089 617 4153 Pagi
637 4098 662 4141 to
681 4093 745 4141 have
764 4092 823 4141 died
849 4090 905 4135 649.
943 4089 1123 4150 Accordingto
1139 4092 1264 4152 sigebert,
1280 4093 1311 4140 he

360 4162 385 4210 in
397 4166 455 4222 640,
466 4160 559 4223 liaving
570 4161 628 4209 held
647 4163 688 4211 the
706 4179 748 4212 see
765 4163 824 4223 only
851 4171 904 4205 was
916 4160 1078 4207 consecrated
1091 4160 1115 4206 in
1127 4163 1242 4223 (wimod
1254 4176 1312 4210 suc-

360 4237 410 4282 two
423 4231 522 4282 months
534 4231 582 4281 end
595 4232 651 4282 four
662 4234 736 4294 days.
850 4228 945 4277 ceeded
957 4230 989 4291 hy
1004 4229 1131 4279 Martinus
1141 4231 1168 4279 in
1178 4235 1237 4284 648.
