3000 5004
342 487 409 552 486
602 497 736 546 uocant
761 497 808 544 nn
832 495 1040 545 wsunovna

345 657 567 743 praeterisset,
582 676 704 721 versus
732 657 844 722 estin
866 654 1044 719 fastidium
1066 652 1171 716 ludus
1196 651 1301 726 asini,

345 767 381 823 et
407 759 514 839 coepit
538 778 560 821 a
589 777 654 821 suo
683 756 827 820 custode
853 752 1088 836 negligentius
1110 751 1301 828 custodiri;

346 864 560 940 quapropter
594 855 650 919 die
688 854 850 937 quadam,
882 854 1031 934 abrupto
1065 870 1135 933 quo
1168 849 1302 932 ligatus

348 963 424 1020 erat
445 954 533 1031 loro,
559 955 662 1036 sugit,
682 961 718 1018 ot
740 955 775 1016 in
797 953 993 1036 proximum
1017 950 1132 1014 lacum
1156 969 1195 1012 se
1219 969 1301 1032 pro·

343 1055 443 1139 jecit,
456 1054 541 1119 etin
563 1072 656 1135 aqna
675 1052 805 1115 diutius
822 1051 1000 1114 volutatus
1027 1048 1211 1132 pristinam
1235 1047 1302 1111 sibi

349 1154 498 1218 hominis
519 1153 665 1218 formam
689 1151 854 1215 restituit.
906 1149 1034 1213 Custos
1061 1155 1180 1211 autem
1207 1147 1302 1210 illins

350 1254 487 1318 asinum
508 1253 697 1328 insecutus,
717 1250 793 1315 viso
812 1248 963 1325 homine,
987 1247 1233 1312 sciscitabatur
1256 1265 1303 1310 an

350 1353 486 1417 asinum
500 1351 665 1429 vidisset3
688 1349 747 1413 ille
774 1348 892 1426 refert,
917 1367 956 1411 se
981 1347 1117 1411 asinum
1135 1345 1245 1409 fuisse
1267 1355 1304 1410 et

350 1451 454 1515 modo
475 1469 513 1514 se
534 1450 679 1513 formam
702 1449 853 1513 hominis
875 1446 1081 1529 suscepisse,
1102 1452 1138 1509 et
1164 1463 1304 1508 omnem

350 1549 402 1614 illi
417 1569 535 1614 casum
558 1567 748 1631 exponens,
763 1567 805 1612 ea
817 1566 897 1630 qnae
919 1546 962 1610 de
983 1565 1021 1609 se
1041 1544 1137 1608 sacta
1150 1542 1304 1619 fuerant,

350 1648 588 1731 perordinem
611 1647 781 1711 recitavit.
829 1645 981 1709 Miratus
1003 1643 1155 1708 famulus
1177 1642 1222 1707 ad
1240 1642 1304 1706 do·

351 1747 482 1810 minum
508 1764 580 1809 rem
602 1745 739 1822 detulit,
761 1752 797 1809 et
820 1744 979 1808 dominns
996 1743 1039 1807 ad
1061 1760 1189 1825 papam
1212 1741 1303 1806 Iaco-

351 1863 442 1922 nem,
466 1852 502 1908 et
526 1844 687 1907 mulieres
712 1845 853 1907 tandem
877 1843 1046 1907 convictae
1067 1859 1170 1924 popae
1201 1860 1304 1904 suum

351 1944 560 2008 confitentur
577 1942 760 2022 delictum;
783 1942 858 2021 sed,
879 1960 973 2025 papa
996 1960 1101 2023 super
1115 1939 1182 2004 hoc
1203 1940 1305 2003 dubi·

351 2051 449 2109 tante
473 2050 509 2107 et
540 2061 617 2107 esse
643 2041 805 2106 frivolum
836 2041 1053 2117 adfirmante,
1080 2038 1208 2104 Petrus
1229 2038 1305 2102 Da-

352 2143 488 2207 mianos
501 2161 621 2206 verum
640 2141 747 2205 fuisse
763 2141 936 2224 probavit,
952 2139 1120 2223 producto
1142 2137 1306 2220 exemplo

352 2240 395 2306 de
420 2241 559 2305 Simone
579 2241 701 2322 Mago,
724 2240 784 2322 qui
808 2239 1038 2303 Faustianum
1061 2238 1099 2302 in
1120 2237 1231 2320 ipsius
1251 2236 1306 2301 si·

352 2341 463 2404 monis
481 2341 627 2424 figuram
649 2339 759 2405 videri
783 2346 819 2402 ot
842 2358 865 2401 a
890 2338 971 2403 filiis
998 2337 1072 2401 suis
1095 2336 1218 2402 fecerit
1242 2337 1306 2399 ab·

352 2438 494 2504 horreri.

460 2607 510 2672 De
523 2616 617 2673 ntem
631 2607 817 2674 Eodmuadi
829 2608 1046 2674 Deam
1058 2606 1203 2693 episcopi.

401 2729 506 2794 Anno
520 2730 644 2812 gratiae
661 2747 797 2797 uxnrx.
815 2732 978 2798 defuncto
995 2731 1214 2810 Eadmundo,
1228 2731 1305 2796 Du·

237 2864 264 2902 o
352 2829 518 2894 nelmensi
546 2830 721 2914 episcopo,
737 2831 813 2896 viro
835 2833 1011 2914 religioso,
1033 2830 1076 2895 de
1101 2831 1203 2915 cujus
1226 2850 1306 2913 pro-

352 2928 503 2993 motione
525 2936 561 2993 et
581 2930 767 2994 sanctitate
791 2924 967 3013 ¹superius
992 2930 1140 2995 habetur
1162 2948 1305 3013 expres·

351 3050 441 3109 sum,
459 3028 638 3093 Eadredus
652 3029 689 3091 in
706 3029 944 3113 episcopatum
959 3029 1138 3094 successit.

561 3199 610 3264 De
624 3208 718 3266 meru
731 3200 848 3266 Eodsii
860 3200 1093 3286 arehiepueopi.

402 3321 507 3386 Anno
524 3324 666 3387 Domini
685 3340 747 3389 nn.
763 3324 917 3389 defuncti
931 3332 1014 3389 sunt
1032 3323 1193 3402 Eadsius,
1209 3324 1304 3391 Gan·

190 3407 251 3486 0¹¹.
287 3407 315 3436 ⁰¹¹
354 3421 538 3485 tuariensis
554 3423 848 3507 archiepiscopus,
868 3432 904 3488 et
921 3423 997 3506 ejus
1014 3424 1162 3488 vicarius
1174 3423 1304 3489 Siwar·

352 3520 430 3597 dus,
444 3528 549 3603 atquo
576 3521 880 3586 Dorkecestrensis
904 3522 1122 3587 Eadnothus.
1174 3523 1305 3588 Eadsio

351 3627 467 3683 autem
490 3622 658 3685 successit
680 3613 875 3687 ²Robertus
899 3622 1083 3704 episcopus
1107 3621 1305 3687 Londinen-

387 3835 527 3901 ’διψῆν
545 3837 674 3905 hiem]
698 3841 752 3890 The
773 3857 815 3892 ac·
839 3842 912 3892 made
929 3841 1020 3905 bishop
1030 3843 1060 3892 os
1067 3843 1186 3906 london3
1203 3846 1245 3895 his
1260 3861 1306 3897 ex-

351 3907 467 3956 wantos
480 3904 636 3958 Eadmund’s
653 3911 777 3961 elevation
788 3917 814 3960 to
839 3913 939 3975 pulsion
956 3911 1019 3961 from
1037 3912 1079 3962 the
1095 3928 1138 3963 aee
1156 3914 1185 3964 oi
1200 3916 1306 3966 Canter-

351 3976 394 4026 the
405 3991 448 4026 see
459 3979 482 4025 is
493 3977 567 4039 given
578 3979 605 4026 in
615 3978 658 4028 the
667 3996 729 4041 year
741 3977 814 4034 1020.
840 3984 904 4044 bury
922 3983 945 4030 is
963 3983 1063 4031 notioed
1079 3983 1162 4032 below
1178 3986 1205 4033 in
1224 3990 1305 4045 10523

350 4046 683 4110 Turgotplaceshisdeath
702 4051 728 4096 in
741 4055 814 4109 1⁰41,
839 4066 867 4101 so
889 4053 943 4101 oleo
963 4051 1030 4101 Flor.
1066 4052 1120 4101 'l’he
1135 4053 1303 4104 Sax.Chron.

351 4119 401 4167 and
413 4118 467 4166 that
478 4117 506 4166 oi
514 4117 554 4166 hir
565 4131 698 4168 successor
705 4120 731 4167 in
742 4123 813 4169 1042.
839 4122 925 4184 places
941 4120 982 4169 hie
998 4122 1148 4171 translation
1160 4129 1186 4172 to
1198 4122 1304 4174 Cmter·

387 4184 549 4249 'Robertus.]
579 4187 622 4235 He
643 4187 695 4235 had
719 4190 781 4238 been
798 4206 814 4240 a
838 4192 904 4252 bury
922 4192 949 4238 in
971 4193 1043 4253 1⁰48,
1061 4191 1112 4240 und
1130 4192 1232 4242 recordo
1248 4194 1304 4242 that

351 4256 426 4305 monk
438 4256 468 4305 oi
474 4257 492 4307 J
494 4254 609 4317 umieger
620 4256 705 4306 before
716 4258 748 4308 he
760 4275 814 4310 was
839 4260 979 4323 Sparhnsoo
986 4274 1041 4309 was
1051 4261 1189 4322 appointed
1198 4262 1305 4313 meuc·
