3000 5004
415 452 556 505 rconns
580 458 851 510 nrsronmnun.
1042 440 1108 511 197

154 616 268 697 gentis
297 611 491 698 Anglorum
521 618 725 699 progenitus
748 629 814 695 est,
845 625 881 682 et
908 605 944 682 in
972 618 1108 684 adoles*

152 717 270 779 centia
284 716 417 780 militiae
440 716 644 780 rudimentis
667 717 838 795 addictus,
861 718 1009 801 denique
1027 739 1105 784 cum

153 823 245 878 esset
267 816 425 879 minister
438 815 547 879 Oswii
569 818 673 897 regiS,
697 824 732 880 et
754 818 1006 899 possessionem
1034 838 1104 883 non

152 914 335 991 modicam,
351 916 428 996 ipso
443 914 606 992 donante,
616 917 837 998 percepisset,
856 917 987 981 caduca
1004 937 1104 981 mun·

153 1014 189 1076 di
218 1014 335 1077 omnia
359 1033 423 1096 pro
451 1013 590 1078 Christo
619 1035 797 1096 spernens
827 1015 975 1079 Romam
1005 1017 1103 1096 adiit,

154 1121 194 1176 ut
216 1113 340 1176 ibidem
361 1114 597 1178 ecclesiastica
615 1113 821 1179 informatus
838 1115 1021 1197 disciplina
1040 1118 1105 1180 mi·v

152 1211 262 1276 litiam
284 1212 482 1277 adsumeret
505 1214 733 1295 spiritualem,
754 1233 824 1297 qua
841 1215 906 1277 sibi
923 1215 1104 1296 prodesset

152 1319 189 1375 et
214 1311 305 1389 aliis,
331 1312 497 1395 utilisque
521 1314 678 1376 minister
704 1314 740 1376 in
762 1313 954 1377 Dominicae
984 1322 1104 1397 posset

151 1411 291 1474 cultura
313 1411 425 1475 vineae
452 1412 614 1494 reperiri3
644 1412 725 1475 inde
749 1432 832 1477 vero
859 1413 994 1476 rediens
1015 1413 1105 1478 Liri-

151 1528 294 1573 nensem
334 1510 496 1588 insulam,
529 1531 567 1575 se
602 1512 846 1576 monachorum
884 1513 990 1576 coetui
1024 1523 1105 1577 con·

148 1609 281 1693 junxit,
296 1617 474 1674 tonsuram
490 1611 636 1693 accepit,
652 1611 712 1674 ubi
727 1631 789 1693 per
806 1605 981 1675 biennium
1003 1632 1105 1694 regu-

153 1708 273 1773 lariter
297 1709 490 1786 institutus
515 1710 559 1773 ad
589 1710 710 1773 limina
740 1719 937 1774 sanctorum
962 1720 1104 1794 aposto-

152 1807 264 1884 lorum
293 1808 390 1890 Petri
411 1818 458 1884 ‚et
474 1809 588 1883 ¹Pauli
614 1811 740 1873 iterum
772 1809 961 1893 repedavit.
1023 1810 1103 1895 Quo

154 1899 320 1990 tempore,
338 1928 416 1972 cum
433 1927 527 1991 papa
543 1908 743 1972 Vitalianus
759 1908 992 1986 Theodorum,
1009 1909 1102 1974 Can·

153 2007 363 2071 tuariensem
384 2008 693 2090 archiepiscopum,
709 2009 745 2070 in
762 2008 980 2072 Britanniam
997 2009 1103 2074 desti·
1152 2053 1156 2061 -

149 2108 262 2184 navit,
279 2107 354 2189 ipse
369 2107 471 2170 simul
488 2107 675 2171 adveniens
689 2108 817 2171 multas
834 2123 950 2172 secum
966 2093 1105 2173 saucto-

152 2225 228 2269 rum
255 2206 419 2288 reliquias
442 2207 655 2288 reportavit3
682 2207 741 2288 qui
768 2214 890 2289 postea
914 2208 987 2289 regi
1012 2207 1104 2271 Nor·

154 2303 462 2368 thanbumbrorum
492 2305 637 2387 ngrido
668 2305 887 2388 conjunctus,
922 2304 1103 2371 confestim

153 2423 215 2468 rex
236 2405 269 2468 ei
291 2413 420 2467 terram
440 2404 626 2486 sexaginta
646 2403 853 2468 familiarum
873 2405 917 2469 ad
942 2392 1101 2470 constru-

154 2502 281 2567 endum
304 2504 542 2586 apostolorum
558 2504 706 2587 principi
724 2503 832 2567 Petro
854 2505 1101 2569 monasterium

152 2603 313 2680 eontulit,
336 2601 380 2665 ad
403 2603 530 2667 ostium
548 2602 666 2667 Werac
683 2603 847 2679 fluminis,
864 2623 956 2667 anno
978 2605 1102 2686 gratiae

152 2702 404 2766 sexcentesimo
419 2703 676 2784 septuagesimo
693 2711 830 2784 quarto,
846 2703 1034 2768 indictione
1048 2708 1103 2767 se}

151 2800 278 2865 cunda.
329 2800 398 2865 Sed
421 2808 464 2864 et
474 2801 569 2864 aliud
591 2803 838 2865 monasterium
865 2802 909 2865 ad
937 2803 1102 2865 bonorem
1138 2847 1141 2852 -

152 2900 305 2964 doctoris
321 2901 479 2982 gentium
497 2900 613 2977 Pauli,
630 2902 666 2963 in
685 2900 832 2964 Giruum
850 2920 919 2963 non
936 2900 1040 2982 longe
1056 2903 1101 2965 ab

152 2999 263 3063 altero
278 2998 478 3076 fabricatur,
490 3008 525 3063 et
540 3019 562 3062 a
579 3020 660 3081 rege
676 3001 835 3082 praefato,
846 3000 987 3081 praediis
997 3019 1103 3064 sexa·¹

152 3100 253 3180 ginta
269 3097 477 3162 familiarum
500 3101 665 3181 acceptis,
688 3100 926 3181 multipliciter
948 3099 1100 3179 ditatur3

152 3198 227 3262 baec
246 3206 362 3262 autem
386 3199 597 3262 monasteria
619 3200 792 3280 religiosis
813 3198 960 3280 impleus
982 3216 1101 3261 mona-

154 3296 239 3376 chis,
260 3296 472 3361 Ceolfridum
494 3299 530 3360 in
552 3317 635 3374 uno,
659 3297 912 3360 Easterwinum
934 3297 971 3359 in
989 3296 1104 3361 altero

153 3397 361 3479 praepositos
387 3396 584 3461 ordinavit:
618 3396 683 3460 boc
705 3395 784 3459 ideo
802 3395 895 3472 fecit,
913 3402 1042 3459 uttam
1064 3396 1101 3458 in

153 3495 230 3578 ejus
250 3496 409 3559 absentia
425 3515 531 3579 quam
551 3497 586 3558 in
607 3496 794 3578 praesentia
819 3494 989 3575 regularis
1007 3486 1103 3557 'sem-

153 3613 215 3676 per
237 3595 396 3658 custodia
418 3601 627 3658 servaretur.
682 3593 778 3658 Huic
800 3593 949 3675 denique
970 3592 1107 3656 famulo·

154 3693 222 3757 Dei
241 3687 448 3757 ¹Benedicto
473 3693 570 3759 Beda
593 3693 812 3771 venerabilis,
832 3700 868 3756 et
889 3692 1010 3756 doctor
1026 3690 1102 3756 An·

153 3793 301 3873 glorum,
325 3792 475 3856 traditur
500 3793 717 3869 nutriendus,
743 3794 808 3856 sub
830 3812 900 3875 quo
925 3792 1029 3856 etiam
1057 3790 1105 3858 ad

153 3892 307 3956 ordinem
346 3890 539 3957 sacerdotis
585 3892 715 3974 legitur
758 3891 865 3956 fuisse
898 3898 1102 3974 promotus;

188 4183 197 4216 ¹
210 4184 343 4234 Benedicta
351 4185 420 4234 Beda
434 4219 440 4235 .
454 4218 461 4234 .
475 4219 482 4235 .
495 4184 605 4233 truditur
615 4179 782 4253 nutriendam]
800 4185 848 4234 See
860 4184 901 4233 bis
911 4181 956 4233 life
966 4185 993 4234 in
1003 4181 1106 4233 Smitb's

153 4255 301 4319 Appendix‚
312 4269 338 4317 p.
349 4258 407 4306 796.
