3000 5004
367 478 433 543 204
624 493 759 542 aocanr
783 493 831 541 na
854 488 1064 541 wannovna

368 652 548 717 Saxonum
577 651 737 738 synodali
759 650 898 716 decreto
922 658 1094 715 statutum
1117 658 1184 726 est,
1207 649 1326 733 utqui

371 760 515 815 eatenus
540 750 584 814 ad
616 752 769 815 civitatis
792 751 977 827 Ventanae,
1008 752 1064 814 cui
1087 759 1171 814 tunc
1194 749 1326 813 Daniel

371 857 533 933 praeerat,
556 850 755 933 parochiam
780 851 1012 933 pertinebant,
1040 857 1076 914 et
1097 849 1164 932 ipsi
1191 841 1326 912 ¹sedem

370 950 602 1031 episcopalem
632 969 674 1014 ac
706 950 883 1033 proprium
911 949 1077 1013 haberent
1108 949 1327 1031 episcopum.

373 1047 606 1112 consecratus
622 1057 676 1114 est
692 1058 808 1113 autem
835 1050 885 1113 eis
905 1050 1038 1131 primns
1060 1049 1207 1112 antistes
1230 1047 1323 1111 Ead-

371 1149 501 1224 bertus,
519 1149 578 1231 qni
593 1156 667 1213 crat
683 1150 791 1212 abbas
805 1149 1006 1212 monasterii
1020 1149 1133 1212 beatae
1147 1147 1324 1210 memoriae

371 1246 525 1311 Wilfridi
543 1248 708 1331 episcopi,
723 1248 815 1331 quod
835 1242 1006 1312 'Seleseia
1021 1246 1240 1330 appellatnr3
1264 1246 1326 1309 nbi

371 1346 461 1410 idem
493 1347 561 1411 Dei
591 1347 742 1410 famulus
773 1348 916 1410 exilium
951 1366 1014 1430 per
1046 1344 1322 1429 quinquennium

371 1465 495 1527 passus
520 1466 542 1510 a
569 1466 649 1528 rege
676 1445 830 1529 ejusdem
854 1446 1042 1529 provinciae
1067 1450 1195 1509 terram
1222 1453 1323 1509 octo·

371 1547 471 1627 ginta
485 1546 691 1610 familiarum
717 1545 962 1629 [impetravit],
977 1545 1013 1609 in
1031 1564 1100 1627 qua
1122 1545 1234 1608 socios
1258 1563 1324 1607 en⁴

371 1645 445 1708 nles
468 1645 618 1727 recipere
640 1652 772 1727 posset,
794 1652 829 1709 et
844 1646 928 1709 vitae
950 1644 1001 1708 eis
1026 1643 1181 1707 subsidia
1201 1643 1324 1707 minis⁴

369 1752 476 1808 trare.
528 1744 593 1808 Est
607 1745 698 1808 eninr
712 1746 810 1809 locus
827 1743 885 1808 ille
901 1743 1052 1827 undique
1065 1743 1152 1806 mari
1174 1743 1323 1807 circum*

370 1841 485 1920 datus,
504 1851 632 1924 praeter
652 1844 698 1907 ab
719 1832 908 1921 occidente,
931 1843 1023 1907 unde
1044 1841 1166 1906 habuit
1187 1842 1324 1924 ingres-

370 1961 446 2005 sum
476 1942 576 2024 quasi
608 1942 652 2007 ad
680 1943 814 2027 jactum
839 1943 980 2007 fundae:
1010 1942 1102 2007 hunc
1128 1948 1245 2005 autem
1268 1941 1324 2005 lo·

369 2060 448 2105 cnm
474 2061 553 2105 cnm
578 2045 769 2125 accepisset
785 2043 982 2119 Wilfridus,
998 2041 1159 2106 fundavit
1175 2041 1222 2104 ibi
1245 2060 1324 2105 mo*

371 2142 568 2220 nasterium,
589 2162 630 2207 ac
648 2143 797 2223 regulari
814 2143 899 2221 vita,
915 2142 1067 2206 maxime
1089 2160 1134 2205 ex
1154 2141 1216 2218 eis,
1232 2160 1322 2222 quos

370 2259 486 2303 secum
500 2240 705 2319 adduxerat,
727 2242 892 2306 fratribus
915 2241 1079 2318 instituit,
1094 2240 1185 2322 qnod
1208 2240 1321 2305 minito

258 2371 281 2388 υ
369 2348 451 2421 post
483 2350 638 2424 tempore
670 2361 886 2406 successores
927 2341 1003 2423 ejus
1032 2346 1244 2418 tennerunt3
1286 2347 1323 2404 et

370 2440 534 2521 quoniam
559 2441 611 2504 illi
641 2460 703 2505 rex
729 2440 896 2524 praefatus
918 2435 1172 2504 ³Athelwoldna
1201 2446 1324 2504 omnes

370 2537 554 2603 facultates
582 2559 660 2604 cum
686 2542 780 2622 agris
802 2548 838 2606 et
861 2541 1055 2604 hominibus
1072 2538 1227 2617 donavit,
1242 2540 1321 2604 nni·

273 2720 275 2724 ¹
370 2656 489 2701 versos
504 2639 552 2702 ibi
576 2640 736 2704 inventos
752 2640 972 2723 baptismatis
987 2638 1081 2703 unda
1096 2646 1320 2720 regeneratos

369 2736 406 2799 in
429 2737 496 2800 fide
510 2738 640 2802 Christi
666 2741 852 2803 roboravit.
906 2739 1018 2802 Erant
1030 2745 1147 2802 antem
1163 2757 1319 2817 numero,

370 2837 460 2899 inter
487 2830 666 2902 servoset
691 2839 847 2916 ancillas,
865 2839 965 2921 quasi
989 2837 1125 2901 ducenti
1145 2839 1320 2921 quinqua·

370 2936 480 3016 ginta,
498 2957 585 3020 quos
600 2957 719 3001 omnes
739 2939 829 3002 sicut
846 2958 867 3001 a
887 2939 1054 3002 servitute
1067 2937 1251 3015 diabolica,
1267 2939 1320 3002 ita

369 3037 474 3099 etiam
497 3037 649 3100 libertati
667 3036 839 3114 donando,
852 3038 940 3121 jugo
957 3037 1116 3110 hnmanae
1139 3036 1319 3101 servitutis

368 3135 530 3201 absolvit.
584 3135 764 3201 Revocato
791 3146 907 3200 antem
922 3135 1085 3201 Wilfrido
1110 3134 1155 3199 ad
1176 3136 1320 3218 provin-

368 3233 457 3298 ciam
484 3235 881 3312 Northanhnmbrorum,
911 3237 1021 3319 primo
1046 3234 1224 3300 Cedwalla
1254 3256 1319 3300 rex

368 3334 631 3399 occidentalium
649 3336 840 3411 Saxonum,
856 3355 897 3399 ac
913 3334 1036 3398 deinde
1047 3353 1228 3398 successor
1241 3335 1319 3419 ejus

370 3431 444 3509 Ine,
469 3435 608 3516 regibus
631 3435 725 3498 illins
753 3434 940 3517 provinciae
969 3435 1122 3497 subactis
1153 3442 1188 3497 et
1210 3434 1318 3498 inter·

367 3530 478 3607 fectis,
510 3553 653 3614 regnum
684 3534 769 3597 illud
808 3541 1020 3612 tenuerunt3
1057 3533 1148 3596 unde
1185 3531 1319 3598 sactum

367 3638 432 3705 est,
446 3639 485 3693 nt
501 3639 574 3695 toto
598 3633 658 3695 illo
682 3642 836 3716 ternpore
860 3653 946 3715 gens
966 3632 1027 3697 illa
1043 3632 1221 3715 proprium
1243 3633 1321 3715 epi‹

368 3746 510 3808 scopum
526 3749 595 3792 non
618 3730 771 3808 haberet,
787 3733 847 3796 sed
862 3732 1024 3816 episcopo
1042 3731 1216 3796 Ventanae
1232 3731 1320 3797 civi-

368 3825 462 3902 tatis,
485 3834 524 3890 nt
546 3829 748 3909 praedictum
771 3841 837 3908 est,
858 3831 1066 3914 subjaceret.
1119 3830 1206 3895 Post
1221 3830 1319 3894 Ead-

403 4059 509 4113 ¹Sedem
520 4059 695 4133 episcopalem]
712 4066 774 4114 'l'his
785 4081 828 4115 see
887 4063 1044 4127 ’Sedecim
1075 4067 1139 4115 'l'hia
1160 4072 1269 4117 account
1292 4069 1324 4119 oi

366 4144 420 4182 aaa
447 4133 596 4183 afterwards
623 4136 774 4186 transferred
802 4143 828 4185 to
852 4134 1234 4199 SelseyiairomBeda,§291.

366 4203 514 4253 chichester
524 4205 558 4264 by
570 4205 685 4269 Stigand,
696 4207 738 4256 the
750 4211 828 4255 twen-
889 4205 1094 4270 Marionem]
1105 4207 1188 4257 called
1200 4208 1233 4268 by
1246 4207 1320 4260 Beda

365 4273 497 4333 ty=aecond
509 4273 609 4337 bishop.
854 4275 1008 4326 AEdilualch.
