3000 5004
469 464 607 512 rnonns
632 465 901 516 msronmnuu.
1089 453 1156 517 405

204 616 377 695 decoram,
392 620 512 701 procul
535 640 556 683 a
572 623 685 703 capite
707 622 743 684 in
767 629 891 685 terram
917 642 1026 705 usque
1043 624 1153 705 negli-

202 724 324 796 genter
340 719 510 794 avulsam,
533 740 719 803 regemque
737 722 1011 804 interutrasque
1033 724 1069 786 in
1089 723 1152 787 luti

202 815 384 881 volutabro
409 818 635 883 volutantem.
690 817 915 910 [Dunstanus
944 822 1051 903 igitur
1080 829 1152 886 tam

202 917 334 978 enormi
350 916 442 980 facto
460 926 649 999 permotus,
664 920 738 1000 regi
763 911 907 1004 inquit]
925 921 1065 985 ‘Vestri
1089 941 1151 986 nos

201 1015 373 1097 principes
389 1016 433 1078 ad
456 1024 491 1079 te
510 1018 664 1098 rogando
681 1018 894 1095 direxerunt,
910 1026 951 1082 ut
964 1020 1085 1084 redeas
1107 1021 1151 1085 ad

202 1121 273 1176 tuae
297 1115 389 1178 sedis
414 1114 558 1196 dignum
590 1116 787 1193 triclinium,
811 1125 847 1180 et
872 1117 975 1180 simul
999 1121 1150 1183 cumeis

199 1212 374 1296 jucundus
398 1214 554 1291 existas,'
577 1224 613 1280 et
639 1216 820 1279 mulierum
851 1217 982 1297 pariter
1003 1218 1151 1299 ineptias

201 1310 382 1395 increpans
411 1322 446 1378 et
477 1333 616 1378 manum
643 1315 736 1395 regis
761 1315 841 1377 dum
869 1335 1011 1396 surgere
1041 1316 1150 1381 nollet

202 1413 382 1494 arripiens,
407 1413 451 1475 ad
485 1412 602 1494 regale
634 1414 830 1477 convivium
853 1413 1072 1479 furibundum
1095 1436 1150 1479 re·

202 1510 314 1576 duxit.
367 1511 467 1574 lunc
487 1513 651 1575 meretrix
677 1512 750 1588 illa,
768 1505 914 1593 ¹Algiva
937 1522 1150 1596 nuncupata,

202 1610 448 1674 contravirum
464 1610 530 1673 Dei
548 1610 694 1675 ferventi
709 1610 824 1675 furore
841 1630 1053 1694 consurgens
1070 1614 1149 1677 dix·

204 1708 243 1784 it,
261 1709 358 1773 illum
376 1710 478 1772 nimis
500 1709 607 1772 fuisse
629 1711 860 1786 temerarium,
877 1711 958 1774 dum
983 1712 1075 1793 regis
1097 1731 1152 1775 se·

203 1815 299 1871 creta
321 1828 390 1872 non
405 1816 548 1872 vocatus
570 1809 732 1888 intravit;
755 1810 873 1891 sicque
889 1810 1029 1873 beatum
1053 1811 1151 1874 Dun-

202 1913 339 1970 stanum
354 1906 476 1970 mulier
489 1908 699 1988 nequissima
720 1908 880 1990 persequi
897 1928 965 1971 non
989 1911 1151 1988 cessavit,

203 2004 310 2069 donec
328 2007 419 2086 regis
436 2006 588 2068 animum
606 2013 728 2069 contra
744 2007 974 2070 venerabilem
992 2008 1151 2072 abbatem

203 2103 237 2166 in
256 2104 372 2168 odium
388 2104 534 2169 mortale
549 2104 729 2168 convertit.

440 2303 598 2368 Jolcnnes
606 2323 698 2388 papa
712 2312 916 2368 consecratur.

253 2450 358 2517 Anno
368 2451 510 2516 Domini
520 2442 749 2515 nccccnv1.²J
752 2450 905 2514 ohannes
915 2467 1006 2533 papa
1017 2455 1154 2513 creatus
1166 2470 1222 2512 nn.
1231 2472 1277 2511 un.

205 2550 295 2614 sedit
308 2552 344 2615 in
361 2551 526 2616 cathedra
538 2550 700 2614 Romana
715 2550 816 2612 annis
834 2558 976 2632 septem.
1007 2543 1155 2630 ³Algiva
1166 2521 1309 2612 {iffi-¹²⁸

205 2649 416 2732 supradicta,
442 2649 623 2713 mulierum
651 2649 861 2730 turpissima,
885 2668 931 2712 ex
957 2648 1078 2712 Eadwi
1100 2626 1223 2711 re·'⁸⁸⁰‘

205 2749 260 2835 gis
275 2767 445 2813 consensu
470 2767 604 2812 omnem
627 2747 856 2811 substantiam
872 2747 1072 2813 monasterii
1089 2746 1156 2811 viri

208 2846 275 2910 Dei
300 2847 476 2912 Dunstani
506 2847 684 2928 diripiens
708 2854 853 2928 urgente
885 2846 1039 2929 ejusdem
1062 2847 1156 2927 regis

205 2946 361 3028 imperio,
378 2946 517 3010 tandem
544 2946 656 3027 ipsum
685 2964 706 3008 a
728 2965 836 3026 regno
861 2945 1074 3027 proscripsit,
1097 2943 1157 3025 qui

206 3037 428 3109 ⁴Gallicanas
451 3044 615 3108 secedens
642 3044 677 3106 in
700 3051 818 3125 partes
840 3043 983 3106 exilium
1014 3050 1155 3106 coactus

208 3145 353 3228 petivit;
377 3143 438 3208 sed
456 3143 578 3207 mulier
595 3142 706 3205 virum
724 3142 791 3204 Dei
809 3140 1008 3205 desiderans
1024 3160 1157 3223 praeve·

208 3244 293 3320 nire,
305 3243 399 3306 misit
413 3243 565 3319 lictores,
578 3249 618 3305 ut
635 3240 755 3317 fertur,
765 3241 824 3322 qui
840 3240 966 3321 ipsum,
982 3240 1012 3302 si
1025 3239 1159 3302 inveni-

209 3349 315 3420 retur,
329 3342 445 3405 lumen
460 3342 637 3405 oculorum
652 3340 840 3422 privarent,
860 3338 933 3416 sed,
949 3358 990 3401 eo
1012 3358 1082 3401 non
1104 3339 1158 3402 in·

209 3448 325 3519 vento,
339 3440 472 3505 confusi
489 3441 532 3504 ad
550 3439 691 3522 propria
707 3444 914 3501 remearunt.

245 3710 253 3742 ¹
265 3713 357 3774 Algiuu
368 3711 525 3775 unumpate]
544 3709 672 3760 Bridserth
733 3707 847 3771 ’Alpion
856 3710 1018 3773 supradicta]
1036 3711 1159 3773 Compare

208 3782 281 3831 done
292 3783 415 3831 mentions
430 3782 473 3830 the
492 3795 566 3830 name
586 3779 616 3829 οἱ
629 3780 672 3829 tbe
698 3774 838 3828 Dunstan’s
849 3779 893 3828 lise
904 3781 939 3840 by
951 3780 1089 3844 Bridfertb,
1099 3782 1159 3831 Act.

209 3866 316 3900 woman.
697 3850 743 3898 SS.
756 3849 820 3897 Mai.
833 3849 867 3898 iv.
880 3865 907 3911 p.
919 3854 975 3900 ³54.

244 3918 388 3969 'debeam
395 3913 482 3986 popa]
502 3919 544 3968 the
555 3917 653 3967 twelfth
663 3935 670 3978 ;
731 3916 741 3948 ⁴
750 3918 892 3966 Gallicum
900 3923 1011 3968 secedens
1021 3919 1046 3967 ia
1055 3918 1161 3983 purten]

210 3991 308 4039 hewas
327 3989 440 4051 deposed
457 3988 520 4038 from
534 3988 576 4038 the
595 3988 672 4050 popul
698 3987 741 4035 He
763 3987 841 4036 found
868 3987 956 4049 refuge
977 3989 1040 4037 with
1062 3989 1161 4038 Amoul

210 4060 358 4110 minues.
697 4060 774 4105 count
784 4057 813 4105 os
822 4057 952 4106 Plaudere.
