3000 5004
461 422 601 473 rnoans
624 423 894 474 arsronranuu.
1088 407 1152 473 107

200 577 379 642 basilicam
406 578 553 644 festinus
578 581 692 647 viator
714 581 886 663 pervenit,
911 581 971 644 ubi
996 588 1067 646 tam
1093 580 1153 645 diu

201 697 305 760 super
318 678 522 745 infidelitate
537 688 573 744 et
587 701 702 745 errore
718 681 975 745 clementissimi
987 681 1154 764 principis

202 777 340 842 flevisse
366 781 545 858 asseritur,
572 800 752 864 quousque
779 788 881 845 nocte
908 781 1069 865 sequenti
1099 801 1154 844 re·

201 896 366 960 sponsum
381 880 572 962 accepisset
587 900 625 944 se
640 901 703 963 pro
720 879 875 964 Trajano
893 886 1028 945 tantum
1044 899 1154 944 exan-

201 977 312 1040 ditum
340 977 460 1057 fuisse,
485 979 537 1045 ita
566 988 605 1044 ut
635 1000 698 1062 pro
723 980 818 1044 nullo
843 980 988 1044 ulterius
1017 999 1155 1063 pagano

201 1096 321 1159 preces
350 1078 551 1143 effunderet.
603 1079 660 1143 Sic
688 1081 808 1161 itaque
835 1079 981 1163 Trajani
1003 1081 1155 1144 animam

203 1177 247 1239 ab
264 1176 390 1241 inferni
407 1179 617 1243 cruciatibus
641 1178 743 1242 crede
763 1178 957 1255 liberatam,
979 1186 1019 1242 ut
1041 1179 1078 1243 in
1101 1179 1155 1242 in·

203 1274 299 1340 serno
326 1277 441 1359 posita
464 1298 526 1360 per
543 1278 611 1343 Dei
637 1277 908 1343 misericordiam
934 1277 1058 1341 inferni
1084 1298 1155 1342 non

204 1377 334 1440 sentiat
366 1378 579 1459 cruciatum3
612 1398 734 1460 nempe
768 1397 859 1441 unus
896 1385 931 1441 et
964 1377 1055 1442 idem
1094 1397 1155 1459 ge·

203 1475 327 1540 hennae
344 1476 437 1558 ignis
454 1485 489 1541 et
505 1479 536 1541 si
550 1479 678 1542 multos
693 1477 788 1543 valet
809 1485 1009 1560 peccatores
1025 1477 1158 1560 pariter

205 1574 370 1654 detinere,
398 1596 461 1659 per
492 1578 560 1643 Dei
584 1578 759 1661 justitiam
790 1597 859 1640 non
891 1595 1012 1640 omnes
1040 1584 1157 1659 potest

206 1675 331 1756 aequali
346 1695 453 1758 poena
468 1678 591 1759 punire
606 1698 615 1757 ;
639 1697 720 1740 nam
737 1675 924 1752 secundum
942 1676 1060 1740 delicti
1081 1696 1157 1741 mo·

205 1773 286 1838 dum
324 1777 449 1840 animae
488 1776 524 1839 in
562 1776 718 1859 gehenna
758 1776 914 1839 sentiunt
950 1776 1158 1842 cruciatum.

207 1873 305 1956 Opus
331 1875 485 1956 pietatis,
507 1897 569 1958 per
586 1876 679 1959 quod
697 1875 872 1959 Trajanus
889 1875 1004 1939 Deum
1026 1882 1061 1939 et
1077 1876 1156 1939 bea-

204 1981 278 2037 tum
300 1982 435 2058 patrem
459 1974 667 2058 Gregorium
689 1974 875 2040 commovit
900 1974 945 2038 ad
964 1974 1158 2038 misericor-

206 2072 299 2136 diam
330 2073 395 2138 hoc
424 2074 512 2155 fuit3
545 2074 707 2154 Quodam
743 2082 897 2157 tempore
925 2073 1078 2158 Trajano
1111 2074 1157 2139 ad

204 2172 286 2236 belli
299 2174 515 2255 procinctum
532 2174 830 2241 vehementissime
843 2173 1042 2251 festinante,
1051 2173 1158 2238 vidua

204 2272 363 2354 quaedam
382 2274 601 2339 foeminarum
622 2273 843 2358 pauperrima
860 2273 904 2336 ad
926 2291 1004 2336 eum
1021 2272 1159 2357 lachry.

205 2372 270 2436 mis
291 2372 462 2439 dissoluta
493 2376 639 2440 accessit
664 2375 794 2451 dicens,
817 2372 952 2438 ‘Filius
979 2391 1089 2450 meus,
1119 2381 1155 2437 te

207 2472 409 2554 imperante,
426 2475 591 2539 innocens
618 2480 818 2558 peremptus
844 2480 920 2552 est3
949 2473 1092 2537 obsecro
1116 2479 1157 2538 ut

207 2569 288 2654 quia
316 2573 414 2637 illum
444 2573 528 2638 mihi
555 2573 697 2638 reddere
720 2593 790 2637 non
815 2572 924 2650 vales,
949 2573 1154 2654 sanguinem

207 2671 281 2754 ejus
305 2671 465 2755 legaliter
477 2675 653 2739 vindicare
668 2673 844 2755 digneris!
896 2672 1053 2755 Cumque
1067 2672 1157 2736 Tra·

201 2769 321 2854 janus,
346 2772 377 2836 si
401 2792 506 2837 sanus
529 2780 761 2839 reverteretur
782 2771 825 2836 de
847 2772 980 2855 praelio,
1005 2771 1096 2837 hunc
1118 2791 1156 2836 se

207 2870 462 2937 vindicaturum
481 2873 711 2957 promitteret,
726 2872 832 2937 vidua
856 2871 958 2949 dixit,
974 2870 1043 2935 ‘Et
1064 2872 1095 2935 si
1117 2879 1157 2936 tu

208 2968 243 3032 in
256 2971 376 3053 praelio
391 2980 549 3037 mortuus
561 2970 678 3050 fueris,
687 2973 766 3055 quis
778 2970 862 3035 mihi
871 2970 1045 3055 justitiam
1056 2969 1156 3033 exhi·

207 3069 301 3135 bebit
311 3070 342 3135 l'
364 3071 539 3156 Trajanus
553 3072 763 3154 respondit‚‘
778 3071 844 3134 Ille
855 3072 916 3154 qui
929 3077 1010 3153 post
1021 3088 1075 3134 me
1091 3070 1155 3132 im·

210 3170 344 3251 parabit
354 3172 376 3251 ;’
393 3180 429 3236 et
443 3172 517 3249 illa,
532 3177 541 3206 ‘
556 3171 649 3251 Quid
664 3172 728 3235 tibi
745 3171 898 3253 proderit
914 3171 946 3233 si
962 3171 1051 3234 alter
1072 3168 1156 3233 mihi

203 3269 376 3353 justitiam
393 3271 512 3336 fecerit
523 3272 550 3336 l’
600 3271 777 3355 Trajanus
797 3269 986 3351 respondit,
1004 3269 1158 3351 ‘Utique

208 3368 293 3433 nihil
305 3373 326 3450 ;’
341 3380 377 3436 et
392 3372 510 3449 vidua,
524 3377 534 3406 ‘
549 3371 584 3435 N
586 3370 698 3449 onne‚’
714 3370 840 3453 inquit,
858 3368 997 3433 ‘melius
1014 3369 1078 3432 tibi
1091 3375 1157 3446 est,

208 3476 248 3532 ut
270 3478 309 3533 tu
329 3471 413 3535 mihi
432 3472 607 3555 justitiam
630 3471 738 3536 facias
754 3476 789 3534 et
803 3489 865 3552 pro
886 3468 950 3532 hoc
965 3467 1156 3532 mercedem

206 3575 303 3632 tuam
329 3572 488 3654 recipias,
511 3591 615 3654 quam
644 3571 745 3635 alteri
776 3569 865 3634 hanc
898 3565 1157 3633 transmittasl'

205 3667 307 3734 Tunc
322 3671 511 3755 Trajanus,
524 3673 658 3735 ratione
680 3671 782 3735 simul
801 3689 841 3735 ac
858 3670 989 3753 pietate
1005 3687 1157 3734 commo·

208 3776 278 3846 tus,
295 3790 385 3853 equo
402 3771 591 3848 descendit,
603 3790 667 3835 nec
685 3779 789 3835 antea
803 3771 962 3835 discessit
974 3789 1079 3852 quam
1096 3769 1157 3853 ju-

206 3867 334 3933 dicium
351 3871 467 3935 viduae
492 3879 529 3936 et
553 3870 761 3935 sententiam
784 3869 1008 3934 demandaret
1029 3888 1157 3934 execu-

207 3968 306 4034 tioni.
359 3970 430 4034 Pro
456 3970 521 4036 hac
543 3979 659 4035 autem
683 3970 946 4035 mansuetudine
968 3978 1003 4033 et
1026 3967 1160 4032 exhibi-

205 4069 300 4133 tione
311 4070 460 4155 justitiae
476 4090 498 4135 a
511 4072 625 4153 poenis
641 4071 868 4135 infernalibus
881 4089 943 4153 per
961 4067 1159 4150 lachrymas

206 4169 300 4235 beati
321 4171 430 4253 patris
447 4170 621 4254 Gregorii,
636 4171 836 4255 quingentis
859 4176 1098 4253 postmortem
1122 4173 1157 4229 et
