3000 5004
343 438 410 505 278
599 453 734 501 nocnnr
759 453 806 500 nn
829 451 1038 500 wnunovnn

346 618 492 675 cuerunt
509 610 545 673 in
561 610 651 688 loco,
669 609 729 692 qui
747 602 911 673 'Carnum
928 615 1160 690 nuncupatur,
1176 607 1308 690 praedis

346 711 472 774 ibidem
498 719 533 774 et
556 708 678 792 spoliis
698 705 879 784 bacentes,
904 708 991 772 nulli
1014 709 1116 772 sexui
1141 726 1309 790 peperce-

346 817 440 874 runt.

413 956 455 1019 Ut
470 955 561 1019 Dani
576 976 672 1040 regom
688 953 855 1040 Eydortum
869 953 1025 1039 depretia
1033 956 1244 1040 fugaverunt,

679 1053 786 1118 multis
801 1054 980 1138 interfectis.

290 1225 295 1236 .
399 1179 503 1243 Anno
532 1178 673 1242 Domini
698 1195 929 1242 ccccxxxiv.
952 1198 1015 1241 rex
1043 1177 1228 1260 ngertus,
1252 1177 1307 1242 in·

348 1280 444 1362 genti
466 1280 623 1343 exercitu
641 1291 868 1360 congregato,
885 1291 1008 1342 contra
1030 1277 1215 1360 praedictos
1242 1295 1307 1360 pa·

349 1399 459 1462 ganos
480 1378 610 1442 vexilla
626 1377 756 1442 direxit
773 1385 809 1440 et
835 1397 944 1455 arma,
965 1376 1027 1440 sed
1046 1377 1139 1441 Dani
1155 1385 1237 1458 post
1252 1378 1306 1440 ni-

349 1480 453 1542 miam
469 1478 639 1542 hincinde
654 1476 788 1541 illatam
801 1484 967 1559 stragem,
982 1477 1059 1540 alea
1073 1476 1154 1540 belli
1168 1495 1307 1559 proeva-

350 1578 511 1656 luorunt3
546 1576 745 1640 ceciderunt
767 1577 886 1658 itaque
908 1578 1000 1642 inter
1024 1584 1169 1640 caeteros
1193 1575 1309 1640 Here-

351 1677 460 1741 sridus
483 1676 736 1740 wintoniensis
765 1684 801 1739 et
829 1675 1003 1758 Sigelmus
1027 1675 1307 1740 Scireburnensis

351 1776 517 1858 episcopi,
534 1794 611 1838 cum
624 1774 767 1838 ducibus
783 1775 911 1838 Dudda
928 1783 963 1839 et
975 1773 1167 1840 Osmundo.
1219 1774 1307 1839 Suc·

351 1875 455 1938 cessit
475 1882 591 1938 autem
608 1873 795 1938 Heresrido
812 1868 1057 1938 'Eadmundns
1072 1874 1256 1957 episcopus
1272 1882 1308 1939 et

351 1967 788 2057 Sigelmo³Atbelwoldus
1108 1990 1111 1995 ’

406 2148 548 2229 Qualiter
563 2146 712 2234 Ephesius
725 2171 779 2213 res
790 2132 904 2213 Dacos
914 2169 982 2212 cam
1004 2143 1208 2211 Wollenoidoo
1221 2145 1258 2210 in

660 2249 777 2334 sapam
792 2247 982 2334 conpulerit.

403 2373 506 2437 Anno
520 2372 662 2437 Domini
685 2389 899 2437 ccccxxxu
920 2371 1117 2436 wallenses
1136 2390 1214 2434 cum
1232 2371 1309 2435 Da-

354 2472 420 2549 nis,
430 2473 565 2556 junctis
582 2473 725 2549 viribus,
739 2473 819 2553 igne
840 2480 876 2536 et
893 2472 982 2536 serre
1001 2490 1144 2552 regnum
1163 2471 1309 2552 Egberti

351 2572 568 2648 invadentes,
585 2572 730 2636 castella
746 2571 822 2655 ejus
837 2580 873 2635 et
889 2571 1077 2653 municipia
1092 2570 1227 2634 diruere
1250 2589 1308 2634 sa·

352 2672 541 2752 tegebant3
568 2690 638 2752 quo
663 2670 794 2748 audito,
817 2691 879 2734 rex
904 2670 1077 2752 Egbertus
1101 2689 1179 2732 cum
1204 2689 1306 2734 exer-

352 2771 423 2834 citu
454 2770 594 2852 copioso
619 2763 794 2833 ⁴hostibus
823 2789 1008 2834 occurrens
1037 2769 1225 2832 maximam
1258 2788 1304 2833 ex

352 2870 571 2933 obstantibus
590 2876 742 2951 stragem
765 2870 846 2934 fecit
869 2878 905 2933 et
924 2869 1063 2934 tandem
1083 2868 1206 2932 Dauos
1225 2887 1306 2932 cum

351 2969 587 3034 Wallensibus
610 2967 812 3034 damnosam
836 2970 922 3032 inire
945 2968 1062 3050 sugam
1088 2967 1216 3051 coegit,
1243 2987 1307 3051 pn·

352 3068 522 3153 triamque
538 3071 582 3132 ab
599 3068 748 3133 hostium
766 3069 956 3151 irruptione
970 3067 1142 3133 liberavit.

434 3241 501 3304 Idea
517 3238 667 3327 Eqbortus
682 3241 794 3304 itas-sun
811 3240 918 3304 Dones
927 3235 1040 3325 prelio
1055 3239 1223 3324 superavit

294 3430 300 3442 ‚
402 3364 506 3428 Anno
524 3365 666 3430 Domini
689 3365 1027 3430 ccccxxxv1.idem
1054 3384 1115 3428 rex
1131 3365 1306 3447 Egbertus

297 3523 305 3531 .
351 3483 478 3528 novum
494 3465 675 3529 Danorum
696 3465 942 3529 adventantem
963 3465 1153 3528 exercitum
1175 3466 1306 3531 contri·

274 3581 278 3590 ·
350 3564 444 3626 tione
457 3565 556 3645 gravi
572 3570 754 3627 conterens
772 3565 808 3627 in
823 3563 941 3645 fugam
957 3564 1140 3628 convertit.

385 3753 392 3783 ¹
407 3757 510 3803 Currum
522 3755 556 3818 ,·]
575 3757 703 3817 supposed
727 3762 753 3806 to
781 3761 811 3806 be
822 3776 824 3789 ⁴
837 3758 887 3807 and
900 3758 940 3806 bis
952 3771 1085 3807 successor
1096 3755 1305 3820 Emistanmen·

350 3824 506 3875 Ghurmouth
518 3826 544 3873 in
555 3826 725 3876 Dorsetshire.
837 3828 922 3877 tioned
933 3828 1016 3877 below
1028 3828 1054 3876 in
1066 3830 1113 3875 854
1125 3841 1132 3886 ς
1149 3825 1201 3875 and
1217 3826 1304 3889 places

384 3892 585 3959 ’EsdmusdusJ
615 3895 654 3945 Ot'
673 3897 713 3945 bis
735 3896 811 3946 death
837 3898 931 3960 Sigelm
965 3898 1016 3946 and
1053 3895 1207 3959 Ethelwald,
1240 3897 1304 3946 with

349 3963 454 4026 nothing
465 3966 487 4014 is
498 3965 607 4027 known3
624 3966 701 4028 Angi.
710 3967 780 4016 Sacr.
793 3967 811 4016 i.
838 3974 938 4030 greater
948 3981 1047 4028 reason,
1057 3971 1084 4015 at
1095 3965 1137 4015 the
1148 3964 1200 4016 end
1211 3966 1241 4015 oi
1253 3966 1305 4016 this

370 4039 446 4085 .195.
837 4043 911 4087 centu
944 4071 950 4086 .

349 4050 538 4173 p‘'Sigclmo,]
551 4105 633 4156 called
650 4107 676 4154 in
692 4106 735 4155 the
752 4107 812 4157 Sur.
874 4052 1024 4156 ⁴1dyostt'dus
1045 4103 1203 4166 oceanas]
1242 4104 1305 4156 'inis

350 4176 440 4226 (bron.
453 4172 592 4239 ‘Wigenu‘
629 4176 813 4226 Godwinima·
839 4192 893 4226 was
916 4177 958 4225 the
977 4175 1055 4224 battle
1073 4174 1104 4224 oi
1119 4175 1263 4239 Hengstnn,
1279 4177 1306 4226 in

349 4246 421 4306 gines
431 4245 482 4295 this
490 4246 657 4295 tobuvebeen
665 4246 813 4309 Wilbertus,
840 4245 985 4306 Gornwali;
1002 4244 1063 4294 Sex.
1076 4244 1168 4294 (bron.
1182 4246 1216 4295 ud
1227 4261 1269 4297 un.
