3000 5004
466 465 605 512 enonas
630 465 895 513 nrs'ronrnnuu.
1060 508 1063 513 ,
1086 447 1155 514 sla
1243 466 1246 472 ·

337 610 386 673 De
400 610 571 676 inventione
586 612 700 697 eapitis
714 613 814 677 eonati
829 611 1023 676 Eodmundi.

254 733 342 798 Cum
370 735 478 816 igitur
505 743 586 817 post
618 737 821 819 martyrium
847 735 1038 800 beatissimi
1062 734 1154 817 regis
1168 759 1281 810 nrm
1294 761 1319 800 οι

204 833 411 910 Eadmundi,
434 833 558 898 iratres
575 834 739 917 Hinguar
761 845 796 899 et
813 834 956 911 Babba,
980 835 1057 898 Deo
1079 835 1153 899 odi·
1166 811 1315 901 iimo.

203 932 303 1007 biles,
321 933 478 1015 hyemale
501 941 636 1016 tempus
660 936 696 997 in
718 936 859 1015 regione
880 934 1153 1016 Est-anglorum,

204 1031 331 1113 praedis
349 1040 511 1096 vacantes
531 1041 566 1096 et
580 1033 723 1115 rapinis,
734 1033 809 1116 jam
832 1053 895 1115 pro
910 1041 1009 1114 parte
1033 1033 1153 1115 exple-

204 1138 338 1207 verant,
370 1132 465 1194 venit
497 1132 623 1195 ibidem
653 1132 696 1194 ad
723 1151 783 1195 eos
807 1130 921 1214 Gytro
948 1132 1089 1213 quidam
1111 1133 1154 1195 de
1230 1157 1234 1163 ·

203 1229 342 1311 regibus
375 1231 555 1295 Dacorum
587 1231 860 1313 potentissimus,
888 1237 927 1295 ut
954 1250 1032 1294 cum
1064 1250 1154 1312 prae·

202 1328 305 1392 dictis
321 1329 484 1393 fratribus
500 1329 690 1412 hyemaret.
742 1330 1012 1412 Superveniente
1035 1331 1154 1413 itaque

203 1435 357 1510 tempore
374 1429 519 1505 vernali,
534 1449 652 1493 omnes
664 1429 794 1511 pagani
811 1430 855 1493 ab
874 1429 1075 1511 Est-anglia
1088 1449 1152 1512 pa·

204 1527 288 1590 riter
310 1536 550 1608 recesserunt3
581 1548 651 1611 quo
674 1529 806 1605 audito,
831 1528 1018 1593 Christiani
1042 1529 1150 1591 unde-

204 1645 340 1708 cunque
354 1627 397 1690 de
411 1627 565 1691 latibulis
582 1636 800 1709 erumpentes
820 1646 1035 1710 summopere
1057 1634 1152 1692 sata·

204 1726 346 1806 gabant,
371 1733 410 1789 ut
425 1735 530 1808 caput
545 1728 637 1790 beati
654 1728 746 1809 regis
763 1727 958 1790 Eadmundi
973 1728 1152 1791 inventum

204 1824 336 1906 reliquo
353 1827 488 1907 corpori
505 1827 673 1903 uniretur,
688 1835 723 1890 et
740 1827 928 1910 sepulturae
951 1846 1076 1908 corpus
1099 1827 1152 1889 in·

203 1931 340 2006 tegrum
365 1944 460 1988 more
485 1926 581 2006 regio
596 1926 802 1990 traderetur.
855 1926 1012 2007 Cumque
1034 1945 1153 1989 omnes

204 2024 280 2105 pari
303 2023 429 2088 affectu
454 2024 498 2087 ad
521 2023 556 2087 id
578 2032 802 2089 occurrerunt
828 2033 863 2088 et
886 2025 992 2087 silvas
1017 2025 1152 2105 perlus-

204 2122 328 2186 trando
354 2131 458 2206 caput
483 2125 645 2208 martyris
671 2124 854 2205 diligenter
875 2131 1081 2205 quaererent,
1097 2142 1153 2186 ros

204 2222 352 2303 contigit
373 2222 468 2287 dictu
491 2223 656 2287 mirabilis
674 2230 709 2287 et
725 2223 850 2286 seculis
872 2222 1048 2299 inaudita3
1071 2241 1152 2285 nam

204 2340 281 2384 cnm
310 2330 418 2403 caput
448 2323 635 2405 quaerendo
667 2323 757 2385 inter
790 2322 897 2386 silvas
930 2329 966 2384 et
994 2322 1151 2403 veprium

203 2419 405 2498 densitates,
422 2422 507 2484 socii
523 2421 567 2485 ad
581 2424 694 2487 socios
716 2423 844 2485 mutuis
860 2422 1067 2485 clamoribus
1090 2440 1153 2502 pa·

205 2519 273 2583 tria
286 2518 407 2600 lingua
420 2522 447 2602 [‘
459 2520 529 2584 Ubi
545 2541 581 2584 os
593 2523 608 2584 l
622 2522 681 2584 uhi
691 2541 728 2585 es
737 2522 764 2584 l'
772 2522 1037 2602 interrogarent,
1047 2528 1154 2602 caput

203 2618 366 2700 martyris
389 2620 507 2683 eadem
531 2620 667 2702 lingua]
694 2621 905 2703 respondens
924 2620 1026 2697 dixit,
1042 2618 1153 2697 ‘Her,

204 2717 277 2795 her,
304 2717 388 2806 her,'
403 2719 495 2800 quod
523 2719 648 2783 Latine
675 2720 813 2796 dicitur,
837 2719 942 2797 ιΗὶο,
970 2719 1038 2796 hic,
1064 2718 1152 2798 hic;’

205 2836 268 2881 nec
285 2818 436 2881 cessavit
450 2818 570 2881 eadem
591 2819 778 2901 repetendo
802 2819 952 2882 clamare
969 2837 1152 2901 quousque

203 2915 360 2997 singulos
385 2916 429 2979 ad
454 2937 492 2980 se
515 2918 701 2999 perduxit3
725 2919 784 2980 uhi
804 2937 881 2981 cum
899 2917 1013 2998 capite
1036 2916 1152 2997 lupus,

202 3014 326 3096 ingens
347 3022 384 3078 et
399 3016 478 3079 visu
499 3015 683 3093 horribilis,
699 3023 856 3098 repertus
881 3023 947 3090 est,
965 3015 1025 3097 qui
1046 3021 1153 3095 caput

203 3132 340 3177 sacrum
360 3115 451 3178 inter
466 3115 608 3178 brachia
627 3115 858 3198 complectens
882 3116 984 3178 beato
1008 3113 1152 3195 martyri

203 3213 369 3277 excubias
397 3214 627 3296 impendebat.
687 3213 919 3277 Adsumentes
949 3212 1068 3294 itaque
1092 3210 1153 3275 ho-

203 3311 313 3375 mines
328 3320 434 3395 caput
456 3313 630 3395 intrepidi,
644 3313 793 3395 profusis
812 3313 888 3376 Deo
910 3311 1084 3387 laudibus,
1106 3310 1150 3373 ad

202 3429 303 3474 snum
328 3429 453 3493 corpus
476 3412 686 3488 detulerunt,
710 3413 940 3494 subsequente
964 3411 1047 3492 lupo
1072 3409 1151 3473 illos

204 3528 315 3591 usque
341 3509 386 3573 ad
409 3511 523 3573 locum
546 3512 755 3593 sepulturae3
783 3519 865 3574 tunc
887 3517 992 3592 caput
1016 3508 1152 3590 corpori

201 3609 452 3693 conjungentes
467 3611 503 3672 in
521 3610 697 3675 mausoleo
712 3610 920 3691 competenti
944 3608 1005 3671 illa
1022 3609 1153 3690 pariter

202 3707 457 3785 concluserunt,
476 3729 546 3792 quo
558 3709 663 3785 sacto,
682 3709 784 3791 lupus
805 3709 940 3772 dilectae
954 3707 1150 3770 solitudinis

201 3814 336 3870 secreta
349 3808 483 3889 petivit.
536 3808 747 3873 Constructa
769 3816 822 3871 est
842 3815 958 3871 autem
977 3807 1149 3870 incudem

178 3904 291 3982 loco,
325 3907 545 3988 pauperrimo
578 3927 692 3988 opere,
716 3927 737 3970 a
764 3907 921 3969 fidelihus
958 3905 1151 3981 ecclesiola,

201 4006 259 4068 ubi
276 3999 427 4086 ¹postea,
443 4026 504 4088 per
525 4006 636 4069 multa
651 4025 818 4069 annornm
837 4004 1008 4069 curricula
1024 4022 1150 4085 corpus

235 4178 356 4240 ¹Poeteo,
379 4196 423 4243 per
446 4183 522 4228 mutto
549 4195 665 4228 annorum
691 4175 908 4239 Edmund'sbury
919 4178 978 4225 took
988 4177 1060 4238 place
1072 4178 1098 4224 in
1109 4177 1152 4225 the

200 4250 356 4313 cannah]
392 4245 532 4299 Bromton's
560 4255 666 4299 account
689 4248 905 4308 timeoiSweyn3
921 4261 1037 4306 compare
1048 4246 1152 4295 whatis

201 4325 281 4371 states
292 4318 347 4368 that
362 4319 403 4369 his
419 4320 568 4369 hunslation
585 4324 611 4367 to
628 4320 665 4368 St.
690 4320 790 4367 written
801 4318 882 4367 below
893 4318 919 4365 in
932 4319 1002 4364 1⁰14.
