3000 5004
389 429 528 479 rnoass
551 430 820 479 mssoarsauu.
1015 413 1082 480 359

128 581 245 645 furtim
268 590 385 648 castra
406 591 585 649 moventes
608 584 652 648 ad
673 578 843 648 ¹Farnam
863 585 982 649 villam
1004 605 1080 668 per·

129 681 318 759 venissent,
336 683 533 746 Thamesim
551 682 694 748 fluvium
717 685 864 748 transire
888 686 1079 767 cupientes,

130 797 153 841 a
176 781 273 861 regia
297 780 423 845 ibidem
446 781 647 845 fortitudine
676 792 758 846 sunt
778 785 959 864 praeventi,
985 802 1078 847 com-

130 879 303 959 missoque
326 898 403 942 cum
425 879 495 943 illis
511 880 610 961 gravi
626 881 746 962 praelio
760 882 890 963 pagani
906 883 943 944 in
960 882 1078 963 fugam

130 983 212 1040 sunt
247 979 418 1054 conversi,
450 997 538 1059 quos
570 977 742 1059 fugientes
775 979 966 1043 Christiani
1003 982 1078 1044 sine

130 1075 260 1156 pietate
283 1083 518 1158 prosternunt,
541 1083 647 1157 atque
665 1096 709 1140 ex
727 1078 946 1141 obstantibus
965 1080 1078 1141 maxi-

131 1192 189 1235 ma
210 1180 327 1255 strage
349 1174 449 1238 illata
473 1194 590 1256 regem
612 1194 731 1238 eorum
753 1174 939 1239 crudeliter
959 1176 1079 1240 vulne·

131 1278 280 1352 rarunt;
314 1292 416 1354 quem
441 1273 503 1336 vix
533 1272 796 1349 commilitones,
818 1274 854 1336 in
877 1293 966 1355 equo
988 1276 1081 1356 posi-

132 1376 219 1445 tum,
233 1371 307 1434 sine
321 1371 411 1435 vado
429 1379 464 1434 et
480 1378 585 1452 ponte
599 1379 696 1434 trans
710 1371 908 1434 Themesim
924 1372 1080 1449 fluvium,

133 1468 251 1531 multis
279 1489 324 1532 ex
349 1471 399 1533 eis
429 1470 628 1546 submersis,
651 1469 838 1545 duxerunt,
860 1471 919 1533 ubi
942 1471 1080 1533 tandem

132 1566 223 1629 inter
239 1567 438 1630 Thamesim
461 1577 497 1631 et
515 1566 701 1632 Coleueam
724 1567 899 1649 quandam
918 1569 1080 1632 brevissi-

136 1684 226 1728 mam
248 1667 341 1730 nacti
358 1660 524 1730 ²insnlam
552 1686 615 1749 pro
642 1665 770 1748 oppido
794 1666 890 1730 illam
913 1666 1082 1748 aliquam·

135 1763 194 1826 diu
209 1763 422 1842 habuerunt;
440 1764 629 1828 Christiani
645 1784 729 1829 vero
745 1783 853 1828 naves
871 1765 997 1829 ibidem
1012 1785 1081 1828 non

134 1861 299 1926 habentes
316 1863 529 1928 obsidionem
547 1863 660 1927 lacere
677 1864 919 1945 nequiverunt,
933 1864 1083 1927 maxime

136 1980 214 2024 cum
245 1963 311 2025 sibi
336 1961 502 2026 victualia
526 1961 712 2027 deficerent
741 1969 778 2025 et
802 1964 985 2027 terminum
1010 1980 1083 2025 suaa

135 2059 295 2124 stationis
318 2060 595 2142 complevissent.
648 2060 725 2124 Illis
749 2060 867 2143 itaque
894 2058 1085 2124 recedenti·

137 2159 213 2235 bns,
237 2178 300 2222 rex
325 2158 490 2223 Alfredus
517 2178 596 2221 cum
624 2158 798 2222 exercitus
824 2159 877 2222 sui
899 2157 1085 2221 medietate

135 2257 218 2321 illuc
240 2259 468 2340 properabat3
491 2257 551 2321 sed
574 2264 760 2338 antequam
784 2258 851 2321 iter
873 2257 1085 2339 explevisset

136 2356 323 2437 inceptum,
355 2356 535 2420 nuntiatur
558 2357 590 2419 ei
619 2373 790 2437 paganos,
816 2357 876 2437 qni
905 2355 1085 2420 Northan·

137 2453 329 2517 humbriam
352 2462 387 2519 et
404 2454 662 2536 Eam-angliam
683 2454 893 2531 incolebant,
911 2454 1083 2536 quosdam

137 2552 321 2630 Exoniam,
350 2552 517 2636 quosdam
544 2573 589 2617 ex
622 2552 672 2617 eis
699 2572 812 2616 arcem
841 2551 1015 2635 quandam
1046 2552 1083 2615 in

138 2651 299 2716 Devonia
313 2652 416 2716 sitam
432 2651 626 2732 obsedisse3
645 2672 708 2716 uec
722 2671 831 2729 mora,
844 2671 908 2715 rex
919 2649 1084 2715 Alfredus

138 2765 287 2827 omnem,
313 2770 415 2833 quem
443 2750 570 2815 hahere
595 2759 744 2835 poterat,
770 2751 959 2814 exercitum
982 2749 1085 2812 redu-

139 2868 233 2925 cens,
262 2849 433 2913 Exoniam
465 2850 587 2925 adivit,
616 2850 734 2932 paucis
761 2857 876 2913 tamen
901 2849 945 2911 ad
972 2846 1086 2910 debel-

139 2946 280 3011 landum
302 2947 432 3023 hostes,
447 2967 535 3030 quos
552 2948 807 3029 insequebatur,
824 2946 964 3011 relictis.
1017 2945 1087 3007 Pa·

140 3047 221 3126 gani
239 3065 321 3109 vero
340 3046 490 3123 interim,
506 3066 587 3126 rege
603 3065 721 3109 eorum
745 3045 1020 3118 convalescente,
1041 3042 1086 3105 ad

140 3144 299 3207 concives
322 3163 404 3207 suos
434 3145 470 3208 in
499 3144 733 3209 Eam-sexium
759 3141 916 3225 proiecti,
944 3142 1087 3204 invene·

140 3249 223 3305 runt
252 3242 463 3306 Hasteinum
496 3241 705 3325 proditorem
737 3241 995 3323 nequissimum,
1027 3239 1086 3320 qui

136 3340 212 3422 jam
234 3348 356 3404 contra
376 3348 530 3423 pactum,
547 3342 640 3422 quod
661 3359 741 3404 cum
758 3337 901 3403 Alfredo
924 3356 1005 3418 rege
1027 3356 1087 3418 pe-

140 3439 290 3520 pigerat,
299 3440 390 3521 apud
399 3432 667 3504 ³Beamtleotam
679 3437 844 3521 oppidum
854 3436 994 3500 fossatis
1007 3435 1089 3497 altis

140 3546 175 3601 et
197 3538 361 3619 spatiosis
383 3537 557 3601 firmatum
585 3537 816 3612 inhabitabat,
839 3554 861 3598 a
885 3553 956 3617 qno
983 3533 1088 3596 etiam

142 3635 300 3699 assiduas
324 3655 432 3716 agens
455 3635 675 3716 irruptiones,
698 3653 833 3698 omnem
858 3633 1006 3715 patriam
1030 3631 1089 3694 de·

141 3735 318 3812 vastavit3
341 3734 401 3797 scd
428 3734 532 3797 etiam
557 3733 699 3815 pagani,
716 3733 775 3815 qui
801 3731 892 3813 apud
909 3728 1090 3812 Appeltre,

176 3883 306 3935 ¹quum
315 3885 420 3949 silicam]
436 3884 605 3933 ‘Fearnham
631 3899 674 3933 ver
696 3883 725 3932 oi
743 3883 798 3932 that
819 3897 902 3943 name,
922 3881 985 3930 lrom
1007 3879 1092 3929 which

143 3954 272 4017 ure,’Sax.
289 3954 401 4014 Chrun.;
425 3954 554 4015 supposed
571 3954 605 4014 by
631 3952 774 4002 Colubrook
803 3952 877 4000 takes
903 3951 937 3999 its
959 3964 1042 4010 neme,
1069 3949 1093 3997 is

144 4024 258 4076 camden
268 4028 294 4072 to
305 4025 336 4073 be
348 4022 482 4084 Farnham,
493 4024 597 4084 Surrey.
630 4022 725 4082 clearly
738 4020 866 4069 intended.

177 4091 327 4157 'lasulnmfl
344 4092 472 4155 supposed
482 4096 509 4139 to
519 4093 550 4141 be
563 4092 605 4141 the

144 4163 258 4225 Mersey,
266 4168 293 4212 at
301 4162 345 4211 the
352 4163 438 4211 mouth
447 4161 475 4211 ol
483 4162 524 4210 the
532 4162 605 4221 Colo,
665 4156 890 4222 'Becmfleutam.]
916 4155 1038 4214 Benlleet,
1061 4167 1093 4202 on

143 4232 170 4281 in
182 4233 281 4293 Essex;
298 4232 345 4280 but
359 4231 439 4281 inthe
452 4236 505 4280 text
521 4231 563 4280 the
573 4231 607 4278 ri·
630 4228 672 4277 the
684 4229 750 4277 river
762 4226 852 4288 laelgh.
