3000 5004
355 453 420 518 382
612 465 746 515 nocnnr
771 465 817 511 nn
840 463 1048 512 wannovna

355 624 528 689 hostiliter
557 623 698 697 invasit,
729 621 866 702 illisque
902 621 939 682 in
968 620 1087 701 sugam
1121 622 1311 697 conversis,

354 723 549 805 insequitur
574 741 634 785 eos
656 719 828 801 fugientes
858 738 919 782 rex
946 718 1172 795 Eadwardns,
1203 727 1309 803 atque

354 823 391 886 in
411 822 575 902 fugiendo
590 819 742 900 Togleas
764 819 884 881 ducem
908 838 1027 880 eorum
1049 836 1128 880 cnm
1150 817 1223 882 lilio
1246 838 1309 882 sno

355 921 535 984 Mannano
552 926 587 982 et
604 918 745 981 fratrem
764 917 839 1000 ejus
863 917 1047 993 interemit,
1067 923 1103 979 et
1118 919 1308 981 maximam

354 1018 591 1083 fortitudinem
619 1018 756 1080 illorum
781 1016 873 1098 cepit
896 1023 932 1079 et
955 1015 1102 1079 vinculis
1129 1018 1307 1099 mancipa-

355 1118 418 1194 vit,
444 1125 480 1181 et
506 1117 585 1180 inde
616 1135 832 1198 paganorum
857 1114 1025 1196 paulatim
1048 1114 1139 1178 vires
1169 1115 1306 1179 decres-

355 1236 433 1280 cere
458 1222 651 1298 coepernnt.
704 1213 835 1278 Eodem
862 1233 952 1276 anno
978 1212 1130 1288 Alileda,
1154 1213 1305 1278 Mercio-

355 1336 431 1378 rum
449 1315 600 1390 domina,
619 1307 888 1377 ¹Doroberniam
911 1311 1082 1375 hostiliter
1098 1320 1222 1394 petens
1244 1315 1305 1376 ob-

355 1414 446 1478 sedit
466 1421 502 1478 et
518 1413 680 1488 obtinuit,
696 1411 898 1492 Danosque,
913 1411 973 1492 qni
994 1410 1030 1472 in
1052 1428 1095 1473 ca
1114 1419 1228 1487 erant,
1242 1432 1305 1494 pro

355 1520 454 1594 parte
470 1512 547 1576 neci
566 1511 729 1588 tradidit;
752 1530 821 1592 qno
837 1509 942 1573 etiam
959 1516 1113 1590 tempore
1131 1529 1194 1573 rex
1213 1511 1304 1574 Ead-

355 1611 493 1675 wardus
515 1612 692 1674 obsessam
716 1607 961 1673 colecestriam
983 1608 1074 1689 cepit
1094 1615 1129 1671 et
1146 1627 1303 1690 paganos

354 1728 474 1772 omnes
491 1715 617 1790 praeter
633 1727 775 1789 pancos,
791 1708 851 1789 qui
873 1727 934 1788 per
950 1707 1069 1787 sugam
1084 1707 1193 1789 elapsi
1209 1716 1303 1785 sunt,

354 1807 668 1869 immisericorditer
684 1805 883 1870 trucidavit.
921 1804 1056 1868 Deinde
1073 1824 1135 1868 rex
1151 1806 1196 1869 ad
1212 1807 1303 1870 Mal·

354 1905 480 1968 donam
500 1923 522 1966 a
539 1905 685 1986 paganis
705 1906 881 1995 obsessam
896 1905 1079 1979 transiens,
1095 1904 1189 1986 ipsos
1204 1905 1305 1986 suga·

354 2005 417 2081 vit,
442 2011 477 2067 ct
504 2023 549 2066 ex
574 2003 786 2085 fngientibus
809 2001 956 2067 inimicis
980 2002 1091 2066 multa
1117 2002 1227 2067 millia
1250 2004 1303 2067 in-

354 2103 512 2182 terfecit;
536 2110 619 2166 tunc
638 2121 701 2165 rex
722 2102 765 2166 ad
781 2101 1057 2165 Huntendunam
1080 2102 1304 2183 progrediens

352 2203 472 2266 villam
488 2208 524 2265 et
538 2202 718 2265 castellum
738 2200 959 2277 restauravit,
973 2208 1009 2264 et
1027 2219 1167 2263 manum
1191 2221 1304 2265 arma·

353 2309 426 2365 tam
448 2301 573 2364 ibidem
593 2301 744 2383 reliquit,
761 2307 807 2376 et,
827 2299 947 2381 paucis
962 2298 1152 2382 interjectis
1169 2299 1302 2376 diebus,

354 2398 575 2463 Colocestriae
593 2417 709 2462 muros
725 2398 901 2480 reparavit
917 2405 953 2461 et
968 2399 1062 2462 viros
1082 2397 1120 2460 in
1143 2417 1185 2461 ea
1206 2400 1304 2463 helli-

353 2516 454 2560 cesos
467 2498 596 2579 posuit,
606 2505 642 2561 et
660 2506 792 2562 certum
807 2498 856 2560 eis
873 2497 1082 2579 stipendium
1097 2498 1302 2577 assignavit.

352 2594 454 2658 Tunc
474 2595 568 2658 Dani
590 2595 626 2658 in
649 2596 735 2660 locis
758 2597 877 2660 multis
901 2615 962 2677 per
984 2594 1150 2677 Angliam
1173 2599 1302 2661 consti·

353 2694 432 2769 tuti,
448 2694 605 2757 videntes
623 2697 715 2776 regis
729 2695 919 2778 potentiam
938 2703 973 2758 et
989 2694 1206 2777 sapientiam,
1221 2696 1302 2761 laeto

353 2809 390 2854 se
408 2792 440 2854 ei
457 2792 571 2855 animo
588 2794 825 2871 subdiderunt,
842 2801 877 2857 et
894 2793 991 2856 illum
1010 2796 1047 2857 in
1064 2800 1249 2875 patronum
1266 2802 1300 2858 et

352 2890 528 2954 dominum
545 2893 732 2973 elegerunt.
757 2893 888 2955 Eodem
902 2911 1006 2968 anno,
1021 2892 1184 2957 defuncto
1197 2893 1299 2957 Wer·

351 2996 468 3067 stano,
485 2991 744 3056 Scireburnensi
766 2991 940 3073 episcopo,
955 2984 1201 3055 ²Ethelbaldus
1223 3011 1300 3057 suc·

352 3089 467 3154 cessit.

499 3277 549 3340 De
563 3275 645 3341 obitu
659 3275 787 3360 Alfledae
803 3278 993 3342 Marciorum
1008 3278 1146 3342 domina

191 3423 301 3464 nouo.
402 3399 507 3463 Anno
530 3399 671 3463 Domini
699 3417 897 3463 nccccxrx.
920 3400 1070 3477 Alfleda,
1090 3400 1299 3466 Marciorum

191 3473 331 3563 miliia.
352 3497 491 3562 domina
506 3506 541 3562 et
555 3519 654 3563 soror
669 3500 761 3580 regis
778 3499 975 3576 Eadwardi,
987 3501 1204 3582 insignisque
1219 3522 1300 3583 prn-

351 3597 479 3660 dentiae
496 3606 668 3675 matrona,
681 3604 805 3662 octavo
823 3617 915 3662 anno
929 3618 973 3661 ex
988 3618 1057 3681 qno
1068 3599 1145 3662 sola
1156 3619 1300 3681 regnum

352 3694 562 3759 Merciorum
577 3703 719 3761 strenuo
726 3696 892 3780 justoque
904 3705 1043 3761 rexerat
1058 3697 1300 3775 moderamine,

394 3993 627 4063 'Dorohemiam.]
654 3998 811 4063 ‘Deoraby,'
872 4000 1073 4067 ’Ethelboldarfl
1092 4004 1254 4067 Mulmsbury
1264 4021 1303 4055 re·

351 4068 412 4116 Sax.
424 4067 518 4118 Chron.
535 4070 586 4117 and
606 4069 735 4132 Florence,
750 4072 812 4120 with
838 4072 911 4121 corde
923 4072 963 4120 his
974 4075 1103 4122 accession
1114 4090 1121 4134 ;
1139 4075 1186 4123 bnt
1197 4077 1301 4138 nothing

351 4139 812 4202 greaterprobahilityusbeingwith-
838 4156 905 4190 more
930 4157 1039 4205 appears
1060 4149 1087 4192 to
1109 4144 1141 4193 be
1163 4144 1260 4195 known
1277 4146 1306 4194 oi

351 4207 377 4254 in
388 4206 430 4255 the
442 4207 562 4269 kingdom
574 4207 602 4256 ol
611 4208 717 4259 Merciu.
839 4213 898 4260 him.
