3000 5004
373 433 513 482 rnoaas
536 433 806 483 nrsroarxaun.
1001 416 1068 481 299

115 589 500 657 Northanhumbrorum
515 590 717 667 interfectis,
736 589 910 671 Egbertus
924 588 1066 671 quidam

113 711 239 773 genere
256 688 438 772 Anglicus,
457 690 521 753 sub
538 690 717 753 Danorum
732 697 906 771 potestate
920 708 1066 770 regnum

115 790 274 872 adeptus,
305 788 389 852 illud
422 808 486 853 sex
518 790 619 852 annis
653 790 871 870 gubernavit.
934 787 1065 851 Eodem
1079 802 1182 843 bethor

113 908 206 953 anno
240 887 435 964 Alistanus,
471 887 747 951 scireburnensis
785 887 944 963 antistes,
977 885 1066 949 diem
1079 853 1204 992 ἓξὲξ,

115 988 242 1051 clausit
259 980 500 1064 extremum3¹
509 988 569 1068 qni
594 987 805 1068 temporibus
830 1005 952 1066 regum
975 987 1067 1049 occi-

116 1086 305 1149 dentalium
332 1085 523 1162 Saxonum,
538 1086 682 1166 Egberti
710 1093 746 1148 et
766 1085 827 1148 filii
849 1085 925 1167 ejus
943 1083 1065 1148 Athel-

116 1185 198 1262 wffi,
213 1205 348 1266 magnae
365 1185 400 1247 in
416 1203 523 1264 regno
536 1185 701 1266 potentiae
718 1192 753 1247 et
764 1184 916 1265 ingentis
934 1183 1067 1247 consilii

116 1283 192 1361 fuit,
219 1284 301 1347 dum
326 1283 492 1366 praedicto
516 1285 590 1364 regi
617 1283 769 1365 Egberto
784 1282 1009 1347 Cantuaritas
1032 1291 1068 1347 et

117 1380 254 1464 Anglos
282 1382 467 1446 orientales
494 1383 626 1446 bellicis
652 1384 827 1447 laboribus
852 1381 1067 1465 subjugavit.

118 1480 250 1545 Contra
274 1482 396 1545 Dauos
424 1501 574 1563 quoque,
589 1483 649 1562 qui
674 1490 758 1545 tunc
783 1482 893 1563 primo
919 1481 1068 1543 imolam

118 1580 344 1658 infestabant,
377 1581 470 1661 regis
498 1579 674 1644 Athelwlfi
710 1581 880 1643 saevitiam
917 1580 1068 1656 exacuit,

117 1679 192 1760 ipse
208 1699 253 1742 ex
266 1680 350 1743 fisco
374 1680 555 1761 pecuniam
581 1680 765 1762 accipiam,
783 1680 856 1761 ipse
878 1680 1068 1743 exercitum

116 1797 338 1861 componens,
353 1778 487 1841 martiis
505 1778 589 1842 felix
604 1780 797 1854 eventibus,
811 1785 933 1842 contra
952 1778 1069 1842 hostes

118 1877 210 1941 bella
247 1877 396 1960 plurima
436 1886 636 1942 constanter
668 1879 810 1959 peregit.
869 1876 1069 1941 Potentiam

119 1993 257 2057 quoque
282 1977 391 2059 ipsius
406 1995 450 2039 ex
465 1975 532 2040 hoc
547 1977 690 2059 quilibet
706 1995 915 2057 cognoscere
930 1977 1069 2057 poterit,

120 2076 212 2156 quod
232 2094 349 2155 regem
366 2073 591 2139 Athelwlfum
615 2095 637 2139 a
661 2075 776 2139 Roma
797 2080 1025 2139 revertentem
1048 2094 1070 2139 a

120 2191 228 2253 regno
244 2174 406 2251 arcuerit,
427 2180 562 2238 statuto
579 2174 649 2237 filio
665 2174 741 2256 ejus
756 2172 965 2237 Athelbaldo
987 2193 1069 2254 rege

119 2290 183 2352 pro
203 2291 257 2349 eo,
276 2273 386 2336 donec
410 2279 544 2354 patrem
567 2291 646 2336 oum
667 2273 739 2335 filio
764 2272 800 2334 in
822 2279 949 2335 sortem
972 2273 1069 2354 regni

120 2371 257 2452 regredi
267 2378 465 2453 pateretur3
482 2372 622 2453 reliquit
636 2378 751 2435 autem
768 2371 948 2434 ecclesiam
959 2390 1070 2449 suam,

120 2487 225 2551 quam
262 2471 361 2533 annis
392 2479 532 2535 rexerat
559 2471 824 2552 quinquaginta,
854 2469 1069 2552 praedivitem

120 2569 156 2631 in
176 2568 316 2650 praediis
342 2569 570 2651 undecunque
587 2570 782 2651 adquisitis,
804 2562 857 2633 ²et
874 2589 951 2632 cum
978 2579 1071 2634 esset

120 2667 311 2749 cupiditate
343 2667 582 2749 praefervidus,
613 2677 688 2733 erat
720 2677 836 2732 tamen
862 2669 1070 2734 liberalitate

120 2767 327 2848 praecipuus.
373 2766 537 2848 Sepultus
565 2775 619 2831 est
646 2769 739 2850 apud
770 2768 1011 2832 Scirebumam
1033 2770 1071 2832 in

120 2865 266 2930 ecclesia
282 2864 485 2930 cathedrali.

353 3037 588 3122 RauAlfredus
602 3058 726 3102 acorem
742 3037 844 3102 ducit

173 3159 278 3227 Anno
306 3163 447 3227 Domini
480 3178 703 3227 ncccnxv111.
738 3156 933 3239 ³Alsredus,
965 3162 1139 3226 fraterna
1148 3180 1194 3219 aa.

124 3260 303 3326 Ethelredi
333 3263 437 3344 regis,
464 3262 606 3347 juvenis
637 3262 847 3325 admirandae
877 3263 1072 3345 probitatis,
1084 3230 1190 3320 aa&
1196 3227 1222 3268 ⁰¹

123 3379 267 3424 uxorem
290 3361 392 3425 duxit
407 3361 449 3424 de
464 3362 573 3443 regali
589 3381 714 3444 genere
731 3361 952 3438 Merciorum,
967 3361 1074 3425 filiam

160 3622 235 3681 ¹Qa·
246 3623 393 3687 temporibus
403 3624 510 3687 regum]
527 3624 589 3673 This
613 3625 701 3686 pultus
717 3624 775 3674 est!
798 3623 839 3673 De
858 3624 932 3674 Gest.
949 3624 1030 3674 Aelfr.
1047 3641 1074 3689 p.

122 3695 146 3742 is
165 3710 198 3743 an
215 3694 434 3754 interpolationby
447 3694 589 3742 Wendover
614 3699 653 3743 19.

123 3762 187 3812 bom
198 3763 369 3824 Mnlmsbury,
379 3763 508 3813 deGestis
521 3764 588 3811 Pon·
647 3761 709 3812 2Εἰ
731 3779 785 3812 cum
814 3768 876 3812 esset
905 3763 1038 3827 cupiditate
1049 3759 1073 3833 5]

123 3832 163 3882 tif.
186 3849 213 3894 p.
236 3835 293 3881 207.
329 3834 410 3881 Assar
432 3832 482 3880 and
504 3833 588 3881 others
612 3832 735 3893 praedus
747 3833 914 3894 undecunque
930 3835 1075 3898 adquisitis,

123 3901 205 3963 speak
228 3901 258 3950 of
278 3899 319 3948 bis
340 3901 416 3950 death
444 3902 536 3962 simply
559 3917 588 3951 as
613 3908 708 3962 quanta
719 3919 740 3951 ιι
734 3904 852 3965 andrus
862 3904 970 3952 homrms
980 3904 1020 3952 vel
1031 3919 1075 3953 cu

123 3969 219 4032 having
240 3969 316 4019 taken
344 3972 417 4032 place
440 3972 587 4033 ‘postquam
613 3972 744 4031 prdrtatem
752 3973 792 4021 vel
803 3972 948 4021 felicitatem
960 3974 1077 4023 miraris!

122 4041 298 4102 episcopatum
327 4055 373 4101 per
404 4041 589 4102 quinquaqinta
614 4041 655 4089 De
667 4041 740 4091 Gest.
753 4042 848 4090 Pontii.
858 4059 885 4104 p.
897 4045 953 4091 24⁷.

125 4124 204 4158 annos
221 4108 401 4159 honorabiliter
410 4110 529 4171 rexerat,'
539 4111 589 4159 and
651 4107 792 4169 'aldredus
805 4105 923 4177 frutra]
951 4110 1075 4173 Compare

124 4180 185 4241 add,
203 4180 246 4228 ‘in
269 4194 332 4241 pace
352 4180 529 4230 Scirebnrnanr
551 4195 590 4229 se-
615 4180 704 4243 Aeser,
715 4195 741 4242 p.
756 4185 794 4231 19.
