3000 5004
348 439 415 504 354
607 455 741 503 nocnnr
766 456 813 502 nn
836 454 1044 503 wnunovnn

351 611 510 678 devotius
532 630 636 693 quam
656 610 823 674 hactenus
841 610 984 687 fecistis,
1007 610 1168 673 insistere
1187 612 1307 675 stude·

352 711 444 776 atis?
510 709 578 773 His
604 711 740 793 judices
767 709 895 773 auditis
923 710 1097 791 perterriti
1123 727 1164 772 ao
1195 710 1305 774 veluti

352 831 415 894 pro
440 809 593 875 maxima
615 808 770 872 vindicta
795 808 941 872 correcti
968 808 1012 870 ad
1036 808 1214 889 aequitatis
1236 809 1306 872 dis·

352 908 470 972 cendae
492 906 645 972 studium
671 908 754 970 totis
776 907 907 970 viribus
928 926 966 970 se
986 913 1120 970 vertere
1147 906 1301 970 niteban-

354 1015 422 1084 tur,
447 1009 498 1072 ita
523 1013 563 1069 ut
595 1006 778 1069 illiteratos
804 1005 913 1069 literis
938 1005 1077 1069 studere
1106 1004 1237 1070 faceret
1269 1013 1304 1069 et

355 1113 531 1189 torpentes
562 1104 741 1168 reduceret
766 1103 810 1166 ad
844 1105 1026 1185 sapientiae
1057 1103 1303 1186 disciplinam

355 1204 446 1269 unde
471 1212 507 1268 et
532 1204 600 1284 ipsi
625 1221 737 1279 senes,
762 1201 805 1265 ad
830 1201 999 1265 literalem
1021 1202 1202 1265 scientiam
1227 1223 1304 1266 sus-

353 1305 517 1385 pirantes,
537 1301 653 1365 felices
670 1300 927 1364 arbitrabantur
948 1301 1041 1364 illius
1062 1302 1227 1382 temporis
1245 1302 1303 1385 ju-

353 1421 472 1478 venes,
487 1401 547 1484 qui
562 1399 761 1463 liberalibus
778 1399 911 1463 artibus
930 1408 1091 1482 poterant
1108 1399 1249 1477 erudiri,
1267 1410 1302 1465 et

354 1520 392 1564 se
408 1500 574 1576 infelices,
589 1499 650 1582 qui
663 1498 794 1562 indocti
811 1504 1062 1575 remanserunt,
1079 1505 1224 1562 eatenus
1243 1499 1301 1583 ju·

355 1598 528 1663 dicabant.

518 1769 567 1834 Do
582 1767 770 1851 eleemosynis
784 1768 891 1853 mopsi
906 1768 987 1853 repis
1001 1767 1142 1851 Alsredi.

415 1889 520 1955 Anno
547 1891 688 1954 Domini
713 1906 971 1956 occcnxxxrx.
995 1891 1158 1956 defuncto
1187 1892 1303 1957 Ethel-

354 1988 448 2066 redo,
471 1990 729 2053 Dorobernensi
755 1991 1026 2072 archiepiscopo,
1047 1984 1302 2073 ¹Plegmundus

352 2089 530 2153 successit.
580 2081 729 2151 ²Eodem
754 2108 845 2152 anno
868 2108 932 2152 rex
949 2086 1113 2152 Alsredns
1136 2093 1302 2172 praecepit

352 2189 510 2251 omnibus
526 2185 666 2267 Angliae
684 2187 854 2269 episcopis
870 2196 906 2251 et
922 2187 1006 2249 viris
1029 2188 1201 2269 religiosis
1219 2188 1301 2252 fide-

353 2287 437 2348 lium
453 2286 689 2366 eleemosynas
712 2284 887 2366 colligere,
904 2284 1137 2367 collectasque
1152 2286 1301 2350 Romam

352 2391 458 2464 atque
478 2382 757 2465 Hierosolymam
780 2382 982 2462 destinare3
1014 2403 1077 2447 rex
1098 2403 1237 2466 quoque
1259 2385 1302 2448 de

352 2481 515 2544 thesauro
539 2500 603 2544 suo
631 2501 701 2544 non
725 2481 894 2545 modicam
921 2482 1124 2563 portionem,
1147 2482 1301 2547 fidelium

350 2578 576 2659 eleemosynis
603 2579 747 2657 unitam,
772 2580 817 2643 ad
845 2580 923 2643 loca
955 2582 1159 2663 praescripta
1188 2588 1302 2645 trans-

351 2677 457 2739 misit.

456 2841 506 2903 Do
520 2838 602 2904 obitu
615 2840 813 2905 Ettelsaitlae
827 2843 941 2906 sororis
956 2843 1035 2927 repis
1049 2842 1191 2926 Alsreda'.

399 2962 504 3028 Anno
521 2965 661 3028 Domini
679 2982 833 3028 ccccxc.
851 2960 978 3048 ³Gytro
999 2968 1134 3042 Dauus,
1151 2986 1213 3029 rex
1232 2967 1300 3030 ori-

349 3063 513 3126 entalium
527 3062 734 3144 Anglorum,
755 3063 845 3126 diem
868 3064 993 3128 clausit
1015 3071 1221 3142 extremum,
1238 3067 1299 3146 qui

348 3181 490 3242 regnum
514 3160 611 3237 illud,
633 3160 775 3224 Alfredo
808 3181 889 3242 rege
916 3163 1079 3238 donante,
1105 3173 1300 3244 acceperat,

348 3279 426 3323 cum
444 3261 546 3323 abeo
565 3258 861 3324 christianitatem
879 3261 1025 3342 accepit.
1059 3260 1190 3323 Eodem
1206 3281 1298 3326 anno

383 3512 389 3542 ¹
404 3515 590 3577 Pleminium]
601 3530 630 3563 or
641 3514 807 3563 Plemundua.
834 3514 898 3563 alme
909 3519 935 3563 to
947 3515 1026 3563 Rome
1043 3516 1077 3576 by
1090 3514 1199 3577 Beocca,
1211 3517 1264 3566 earl
1274 3518 1303 3566 ot*

349 3583 507 3644 Malmsbury
513 3589 591 3633 cutes
596 3584 650 3632 that
659 3584 690 3632 he
698 3583 757 3631 held
767 3582 809 3631 the
836 3583 952 3644 Wecsex,
963 3583 989 3631 in
1006 3588 1064 3645 888,
1074 3584 1125 3632 and
1139 3586 1298 3646 Beornhelm,

347 3666 390 3700 aee
417 3652 447 3701 ot
470 3653 627 3712 Canterbury
649 3652 809 3713 thirty-three
835 3653 919 3712 abbot,
936 3653 962 3701 in
980 3656 1038 3702 899.
1075 3653 1196 3703 Florence
1214 3656 1300 3717 places

348 3735 430 3780 years.
446 3720 500 3768 'l'he
512 3720 595 3768 Saxon
608 3720 700 3770 Chron.
708 3720 810 3770 recorda
836 3716 956 3769 Beocca’s
968 3721 1027 3769 visit
1044 3721 1070 3768 in
1081 3726 1139 3783 889,
1148 3723 1234 3771 which
1245 3739 1301 3786 pro·

347 3787 387 3834 his
398 3788 474 3836 death
486 3790 577 3851 111928,
589 3790 674 3838 whilst
685 3791 705 3837 it
713 3789 766 3838 will
778 3790 810 3838 be
835 3790 910 3850 bably
920 3790 943 3837 is
954 3789 1013 3838 hero
1020 3789 1149 3840 intended.
1169 3793 1302 3842 Noothers

348 3855 427 3905 found
445 3857 527 3906 below
546 3860 572 3906 in
591 3862 649 3908 915.
686 3859 810 3919 Compare
835 3860 945 3907 mention
956 3858 1110 3909 Jerusalem.

347 3926 679 3988 Angl.Sacr.i.p.99,with
687 3923 810 3976 Hearne’s
870 3924 994 3991 ’Gytmfl
1020 3943 1049 3976 or
1072 3927 1212 3991 Guthrnm,
1234 3945 1302 3979 men·

347 4000 405 4044 note
412 3997 438 4044 in
446 3995 706 4057 SpelmliscotAelfn
715 4011 741 4057 p.
750 4000 805 4047 187.
835 3996 920 4045 tioned
932 3997 1011 4044 above
1020 4010 1050 4045 as
1060 3992 1156 4060 hnv'ing
1166 3998 1232 4046 been
1240 3999 1301 4061 bnp·

835 4065 903 4114 tized
915 4070 940 4113 at
953 4065 1083 4126 Wudmor,
1094 4066 1145 4114 and
1162 4069 1255 4117 named
1266 4068 1299 4129 by

382 4129 809 4194 ’anmmmu'hemncmom
835 4134 942 4184 Aelired
960 4131 1143 4184 ‘Aethelstnn'
1181 4134 1301 4186 Florence

347 4201 397 4248 and
409 4202 508 4250 Simeon
516 4200 597 4249 notice
605 4201 647 4248 the
658 4203 776 4264 carrying
784 4203 813 4252 of
836 4203 922 4282 places
934 4203 974 4252 hie
985 4202 1061 4251 death
1073 4203 1099 4250 in
1110 4208 1169 4253 891.
