3000 5004
384 411 523 461 rnonss
547 412 815 487 nrsnoarsaun.
1010 398 1076 463 297

125 567 322 634 sanctitatis
348 569 495 644 amator,
521 568 617 631 nulla
643 587 771 650 pompa
793 569 884 632 bona
905 587 970 632 sna
997 589 1076 651 pro·

125 667 301 732 stituenda
325 669 483 750 putabat.
535 667 690 730 Tandem
704 687 786 731 vero
803 669 886 732 vitae
911 669 1074 749 praesenti
1171 735 1172 738 ,

124 767 369 842 valefacturus,
382 765 573 848 pontificali
589 766 803 830 districtione
825 769 990 849 praecepit
1013 768 1075 831 do·

124 865 288 942 mesticis,
306 873 345 928 ut
361 873 462 928 extra
480 865 659 928 ecclesiam
672 865 821 929 cadaver
837 885 938 929 suum
953 865 1073 930 hnma-

126 972 214 1040 rent,
230 965 289 1026 ubi
313 962 507 1045 etpedibus
527 965 810 1045 praetereuntinm
836 973 870 1027 et
891 965 1075 1029 stillicidiis

125 1082 170 1126 ex
185 1062 256 1125 alto
276 1063 473 1126 rorantibus
496 1062 586 1126 soret
605 1063 802 1126 obnoxium.
855 1062 1029 1129 Successit
1043 1066 1075 1128 ei

123 1161 159 1225 in
183 1162 384 1242 episcopatu
409 1154 615 1237 ¹Ealsertus,
641 1161 677 1222 in
700 1164 801 1224 rebus
832 1161 1075 1226 ecclesiasticis

123 1258 332 1323 sufficienter
360 1258 527 1335 cruditus,
551 1259 611 1340 qui
636 1260 728 1323 vices
760 1262 989 1325 antecessoris
1011 1262 1075 1325 ali·

124 1366 257 1442 quanto
270 1366 425 1440 tempore
439 1359 627 1441 prudenter
641 1358 771 1440 exegit.

284 1530 376 1594 Dani
389 1529 606 1615 lyensoveruat
620 1530 656 1595 in
671 1529 776 1594 insula
794 1530 901 1595 Tenet

175 1653 279 1719 Anno
294 1654 436 1719 Domini
453 1671 654 1718 occcnxur.
664 1647 810 1736 'pagani
826 1653 1075 1736 hyemaverunt
1089 1675 1198 1716 nnus

124 1754 162 1818 in
192 1753 306 1818 Tenet
329 1754 456 1830 insula,
489 1755 694 1836 firmumque
727 1753 822 1835 pacis
853 1752 967 1816 soedus
997 1774 1074 1818 cum
1087 1725 1213 1815 ἷῗιῗιῖἷῖῗῗ

126 1852 433 1917 Cantuariensibus
461 1854 693 1935 pepigerunt3
723 1852 784 1916 sed
814 1871 908 1915 more
932 1826 1178 1934 vulpinom*

124 1951 168 2014 de
182 1959 282 2016 nocte
299 1959 517 2034 erumpentes
535 1971 581 2015 ex
594 1952 729 2026 castris,
749 1958 856 2014 totam
872 1952 1075 2015 orientalem

125 2049 261 2114 Cantiae
277 2051 416 2133 plagam
432 2050 633 2133 depopulati
658 2056 753 2126 sunt,
770 2055 806 2112 et
819 2049 863 2113 ad
875 2069 982 2113 naves
997 2070 1074 2114 cum

125 2148 245 2232 spoliis
260 2157 492 2213 revertuntur.

176 2246 279 2312 Anno
302 2248 444 2312 Domini
479 2263 673 2311 ncccnxnn
705 2245 921 2310 Humbertus
952 2246 1198 2311 Hebe-nnus.

124 2346 287 2410 foldensis
298 2346 387 2410 diem
403 2347 528 2410 clausit
539 2353 745 2422 extremum,
761 2346 816 2408 cni
828 2339 1075 2410 ³Kineferthns

124 2446 161 2509 in
178 2446 404 2528 praesulatum
419 2445 597 2509 successit.

176 2542 282 2609 Anno
305 2544 447 2608 Domini
474 2559 653 2607 ncccnxv.
682 2534 848 2624 ⁴corpora
876 2550 1199 2607 sanctornmsnns.

126 2643 267 2707 Eusebii
289 2651 325 2707 et
342 2642 508 2707 Pontiani
523 2642 614 2706 dono
638 2640 778 2706 Nicolai
803 2661 904 2725 papae
928 2642 971 2707 ad
988 2643 1075 2707 Gal·

124 2741 192 2806 lias
205 2742 389 2818 translata,
407 2750 442 2806 et
456 2743 493 2805 in
506 2741 725 2805 monasteriis
740 2748 822 2805 voto
836 2742 1076 2823 religiosorum

125 2849 248 2906 sancto
264 2841 370 2906 Petro
385 2841 521 2905 collatis
536 2840 723 2904 honorifice
737 2841 964 2905 tumulantur.

334 3013 402 3076 Res
417 3011 612 3077 Ethelbertus
628 3012 793 3096 defunctus
809 3022 861 3077 est.

175 3132 280 3198 Anno
300 3135 440 3199 Domini
453 3152 661 3212 occcnxvr„
678 3134 840 3198 defuncto
858 3154 939 3216 rege
954 3133 1072 3199 West·
1088 3155 1199 3246 pm.

124 3252 294 3297 saxonum
316 3234 531 3310 Ethelberto,
547 3235 654 3297 frater
671 3234 745 3316 ejus
758 3229 984 3297 ⁵Ethelredus
998 3254 1075 3315 reg·
1087 3256 1233 3297 sennenn„

124 3333 223 3396 navit
248 3352 311 3415 pro
338 3353 379 3397 eo
411 3335 564 3416 quinque
589 3333 701 3396 annis.
754 3331 834 3410 Quo
858 3333 961 3395 etiam
988 3342 1076 3396 tem-

157 3546 322 3614 ¹anerteaJ
334 3550 455 3601 Wharton
466 3550 589 3612 imagines
649 3546 660 3576 ³
683 3549 876 3613 Kinderthna]
915 3552 998 3601 called
1042 3554 1077 3615 by

124 3620 290 3669 himtchave
308 3619 368 3669 died
386 3621 481 3669 insrl.
517 3620 588 3670 God-
615 3618 1077 3680 Malmsbnry‘Cinebert3'Chester·

122 3691 176 3738 win
194 3689 305 3738 believes
327 3687 380 3737 him
399 3694 426 3737 to
443 3690 507 3738 have
524 3691 588 3738 been
614 3687 666 3737 feld
688 3690 775 3750 places
802 3690 843 3738 his
865 3690 941 3740 death
968 3693 995 3739 in
1018 3697 1076 3744 890.

123 3759 262 3808 melated
281 3764 307 3807 to
318 3758 488 3819 Canterbury,
499 3758 549 3807 and
562 3763 589 3806 to
614 3758 691 3820 Angl.
703 3759 773 3808 Sacr.
784 3759 803 3807 i.
814 3775 840 3822 p.
852 3763 910 3810 432.

122 3828 155 3877 be
166 3828 287 3878 identicnl
298 3827 361 3875 with
372 3828 494 3889 Ethered,
502 3827 588 3877 whose
648 3826 659 3857 ⁴
673 3828 779 3891 Corpora
789 3830 948 3894 maelmin]
960 3830 993 3879 So
1004 3830 1076 3893 Sige-

121 3897 200 3948 death
210 3898 234 3947 is
245 3897 336 3961 placed
347 3897 430 3945 below
440 3897 467 3945 in
479 3901 536 3947 889.
612 3896 677 3957 bert,
689 3897 722 3944 ad
733 3912 774 3945 sn.
786 3902 843 3948 866.

648 3964 841 4030 ‘Ethelredns.]
865 3967 908 4016 He
929 3968 989 4017 died
1011 3968 1077 4017 aster

157 4034 301 4098 'Pagrum
318 4032 408 4096 Aeser,
419 4034 452 4083 ad
468 4049 510 4084 an.
522 4038 588 4094 8643
615 4036 741 4084 Eneterin
752 4036 795 4084 the
807 4050 867 4097 yeer
878 4041 936 4098 8⁷1,
947 4037 1004 4086 four
1011 4037 1077 4098 days

120 4105 164 4155 the
175 4107 238 4158 Sex.
250 4105 382 4157 Chromin
400 4104 442 4153 the
457 4103 588 4166 following
614 4105 678 4153 ester
699 4105 742 4153 the
763 4106 841 4154 battle
863 4104 892 4153 of
917 4107 1076 4168 Englefleld3

120 4189 192 4237 year.
614 4175 773 4237 Assensax.
785 4173 880 4224 Cliton·
