3000 5004
190 2847 246 2887 Μ).
256 2848 315 2886 loli·

191 2897 321 2937 Parllrment

190 2951 212 2987 st
221 2947 309 2987 osferd.

337 462 404 525 450
595 470 729 520 nocnru
756 469 802 517 nn
825 468 1033 516 wnxnovna

339 634 503 714 dirigens,
521 630 690 712 promisit,
707 626 799 709 quod
821 626 853 689 si
875 626 912 689 in
937 627 1056 708 aliquo
1074 625 1239 710 deliquit,
1263 648 1301 692 se

341 753 404 816 pro
433 731 585 796 omnium
619 728 762 791 arbitrio
792 733 1038 790 correcturum.
1091 724 1147 790 Ac
1174 727 1301 791 deinde

342 852 417 907 rex,
444 839 598 912 tempore
617 822 766 890 ¹vernali
789 827 824 888 in
845 823 1012 907 Angliam
1033 826 1193 903 veniens,
1220 847 1301 909 gra·

343 938 459 994 tanter
488 934 658 1010 receptae,
688 926 732 989 ab
762 925 921 989 omnibus
956 925 1159 1000 honoratur,
1194 933 1301 1009 atque

344 1030 496 1094 omnium
519 1027 674 1108 gratuito
696 1043 880 1100 consensu,
903 1026 1060 1089 exercitu
1084 1034 1299 1107 congregato

344 1137 468 1193 contra
483 1128 689 1201 cnutonem,
714 1124 786 1206 qui,
812 1123 1057 1187 consoederatis
1081 1124 1148 1186 sibi
1171 1124 1300 1188 Linde·

345 1229 529 1303 aiensibus,
550 1227 625 1309 jam
653 1231 770 1288 castra
794 1230 951 1286 moverat
977 1222 1022 1286 ad
1046 1223 1299 1305 praedandum

346 1327 407 1391 sed
440 1346 501 1390 rex
530 1323 737 1389 Ethelredus
762 1321 1012 1405 superveniens
1036 1320 1237 1387 Cnutonem
1265 1323 1301 1388 in

346 1426 468 1507 fugam
498 1423 675 1506 compulit,
706 1429 741 1486 et
767 1421 984 1485 Lindeseiam
1009 1428 1120 1487 totam
1144 1422 1301 1506 depopu-

346 1525 423 1588 lans
451 1544 539 1608 quos
567 1522 695 1606 reperit
716 1520 849 1585 incolas
874 1521 1116 1585 incunctanter
1142 1524 1301 1604 peremit.

348 1624 464 1687 Cnuto
482 1642 619 1706 quoque
635 1620 829 1703 perfugam
845 1619 984 1703 elapsus
1007 1640 1085 1683 cum
1107 1620 1222 1684 classe
1238 1641 1302 1686 sua

348 1717 410 1786 ad'
429 1721 601 1785 Sandwici
624 1727 775 1802 portum,
795 1721 909 1783 ventis
932 1718 1204 1802 impellentibus,
1224 1741 1302 1803 per·

349 1822 456 1896 venit,
479 1821 538 1883 ubi
562 1820 597 1882 in
623 1818 868 1883 contumeliam
889 1817 1004 1900 gentis
1021 1817 1219 1900 Anglornm
1243 1822 1303 1884 ob·

349 1921 441 1984 sides
456 1938 587 1994 omnes,
602 1918 661 2000 qui
682 1919 774 2000 patri
797 1938 861 1982 suo
876 1917 951 1981 dati
965 1918 1114 1995 fuerant,
1131 1922 1302 1984 truncatis

350 2020 521 2095 manibus,
538 2018 678 2082 auribus
697 2017 906 2099 naribusque
927 2018 1093 2099 praecisio,
1110 2020 1208 2082 abire
1224 2040 1302 2102 per·

349 2122 455 2196 misit,
471 2128 506 2183 et
522 2112 575 2182 ³iu
593 2117 738 2180 Daciam
755 2117 931 2199 profectus
945 2136 1124 2181 numerum
1150 2126 1303 2184 armato·

349 2240 423 2283 rum
457 2217 687 2299 multiplicare
712 2215 860 2279 curavit.
909 2216 1040 2280 Eodem
1071 2236 1177 2295 anno,
1200 2220 1303 2284 tertio

350 2317 516 2382 kalendas
539 2316 713 2392 Octobris,
741 2334 835 2379 mare
858 2308 976 2379 *littus
1002 2317 1181 2398 proprium
1204 2338 1303 2400 egre·

349 2418 448 2481 diens
472 2417 574 2481 villas
596 2436 659 2498 per
680 2413 845 2496 Angliam
867 2414 995 2479 multas
1016 2416 1302 2501 innumeramque

348 2515 467 2598 populi
482 2515 737 2578 multitudinem
753 2514 949 2577 submersit.

568 2703 618 2766 De
627 2703 806 2787 proditione
820 2703 909 2767 dacis
922 2703 1069 2767 Eodrici.

394 2826 498 2891 Anno
511 2827 651 2891 Domini
665 2846 756 2893 MXV.
767 2823 1034 2909 ⁵congregatum
1049 2834 1103 2890 est
1119 2827 1213 2909 apud
1227 2828 1303 2893 Ox·

350 2928 464 2990 oniam
495 2928 616 3009 ingens
646 2927 855 3009 colloquium
879 2925 1073 3008 Anglorum
1107 2928 1241 3009 pariter
1270 2937 1305 2993 et

350 3026 552 3105 Danornm3
577 3025 637 3088 ubi
652 3046 727 3103 rex,
745 3026 889 3089 consilio
908 3026 1018 3109 iniqui
1034 3026 1131 3089 ducis
1149 3026 1302 3105 Eadrici,

349 3127 478 3190 multos
494 3126 673 3190 Danorum
689 3125 822 3189 nobiles
839 3124 986 3188 interfici
1002 3125 1184 3190 mandavit
1200 3129 1301 3208 quasi

386 3341 394 3374 ¹
410 3343 544 3406 Vanum]
566 3339 813 3406 ‘quadragesimali'
837 3342 905 3392 Dan.
918 3342 1020 3404 Scriptt
1028 3343 1300 3407 Langebek,i.p.178.

350 3414 418 3463 Flor.
454 3413 572 3473 Bonqnet
588 3412 635 3461 has
646 3413 689 3462 the
700 3414 776 3463 death
788 3413 817 3462 os
872 3411 979 3462 ⁴Littas
994 3413 1120 3476 proprium
1141 3416 1301 3480 παίω]

351 3484 442 3544 Sweyn
460 3482 512 3532 and
528 3487 614 3531 return
633 3482 663 3531 οἱ
676 3483 813 3532 aethelred
838 3481 989 3542 Inthetext,
999 3483 1209 3544 ‘littusproprioa
1219 3500 1302 3548 egres·

350 3554 377 3601 in
391 3553 433 3602 the
445 3552 575 3614 following
586 3566 655 3612 year.
839 3547 971 3601 σοι’-80
987 3552 1048 3600 Sax.
1059 3551 1152 3601 Chron.
1163 3554 1215 3602 and
1234 3554 1302 3605 Ποῖ.

385 3619 695 3685 ’AdSondwiciportam.]
714 3621 814 3671 ‘Sand·
839 3622 999 3682 Malmsbury
1011 3622 1075 3670 calls
1091 3621 1112 3669 it
1128 3621 1238 3671 ‘flnctus
1251 3640 1303 3674 ma·

350 3690 417 3740 wich
425 3692 535 3739 omnium
544 3692 684 3752 anglorum
696 3697 813 3753 portuum
838 3692 920 3750 rinno,
930 3705 1005 3752 quem
1017 3691 1103 3741 Graeci
1115 3691 1251 3753 Euripum,
1258 3709 1304 3744 noo

351 3760 553 3821 famosissimus:
567 3775 596 3808 aa
614 3761 633 3808 it
649 3762 672 3809 is
689 3762 771 3810 called
788 3763 814 3810 in
840 3760 965 3809 Ledonem
981 3774 1100 3809 vocamus
1107 3760 1124 3819 ;'
1135 3759 1221 3811 where
1231 3762 1264 3812 he
1281 3767 1304 3814 is

351 3828 551 3877 theEncominm
561 3830 814 3894 Emmae,interNor-
838 3830 933 3891 clearly
945 3831 970 3878 in
987 3845 1064 3891 error,
1080 3830 1150 3878 Ledo
1167 3832 1244 3895 being
1260 3834 1302 3884 the

351 3913 435 3947 mann.
447 3897 549 3957 Scriptt.
560 3913 587 3958 p.
602 3902 657 3948 los.
838 3915 914 3961 neap,
932 3901 982 3948 and
1005 3904 1048 3948 not
1069 3899 1112 3947 the
1134 3901 1222 3964 spring
1240 3904 1302 3954 tide.

389 3965 441 4016 ’la
453 3966 556 4015 Daciam
562 3968 703 4031 profectum]
716 3974 742 4018 to
753 3969 814 4018 take
839 3971 887 4018 See
899 3970 1027 4030 spelman,
1039 3969 1125 4019 Gloss.
1136 3970 1169 4018 ad
1181 3986 1231 4020 mc.

351 4034 676 4099 possessionoshissather's
684 4039 813 4101 kingdom.
874 4036 1139 4101 ‘cmgregatmertl
1154 4040 1304 4092 Sollalrns·

350 4108 404 4157 'l‘he
418 4107 495 4157 death
507 4107 536 4155 os
544 4107 635 4166 sweyn
648 4106 697 4156 and
714 4123 815 4158 succes·
839 4109 904 4170 bury
921 4109 971 4157 and
989 4109 1031 4158 the
1046 4110 1107 4158 Sax.
1119 4108 1212 4160 Chron.
1248 4112 1303 4162 'l'he

350 4178 405 4226 aion
420 4178 449 4226 οἰ
463 4176 531 4226 Cnnt
549 4191 592 4225 are
615 4177 705 4237 placed
726 4179 752 4226 in
772 4178 814 4228 the
839 4178 1006 4228 otherevenlo
1016 4178 1104 4228 cithia
1114 4193 1177 4240 year
1187 4195 1266 4230 occur
1276 4183 1303 4232 in

350 4247 443 4296 rinnel.
461 4246 529 4296 Dan.
548 4247 606 4296 Pet.
619 4246 678 4296 Olai
695 4248 721 4296 in
740 4251 813 4297 102⁰.
839 4250 874 4298 all
885 4249 928 4298 the
938 4248 1082 4299 historiam.
