3000 5004
350 462 416 526 434
608 470 742 520 nouum
767 469 814 517 na
836 468 1044 516 wnunovua

166 645 310 705 'namu
354 641 426 699 turn
456 630 541 696 nihil
573 637 649 692 erat
677 625 769 709 quod
794 625 935 706 impune
965 630 1084 706 posset
1109 622 1209 704 tangi
1241 624 1305 687 etsi

191 708 287 747 GM
355 739 475 814 posset
491 728 613 805 videri,
636 727 799 791 continuo
821 725 924 800 enim,
942 730 982 786 ut
996 724 1076 805 quis
1097 742 1240 786 manum
1262 722 1305 786 ad

356 829 622 911 contingendum
653 833 801 908 aptaret,
833 823 1041 887 videbantur
1069 841 1190 887 omnes
1221 823 1308 886 ima·

354 930 453 1011 giues
477 929 547 991 illae
575 925 732 1009 prosilire
757 932 793 987 et
817 925 983 1004 impetum
1008 922 1122 985 facere
1148 922 1184 984 in
1217 940 1307 1003 proe·

355 1035 577 1110 sumptorum.
617 1024 697 1103 Quo
725 1024 848 1086 timore
870 1041 1010 1104 pressus
1032 1020 1259 1096 Gerebertus,
1286 1038 1308 1082 a

356 1129 458 1192 rebus
477 1125 644 1189 abstinuit
666 1121 870 1204 concupitis,
890 1121 950 1184 sed
974 1121 1208 1185 cubicularius
1234 1121 1306 1184 cul·

356 1226 477 1290 tellum
501 1224 687 1288 artificiose
709 1221 810 1284 nimis
834 1227 1028 1303 operatum,
1051 1238 1153 1301 quem
1176 1239 1305 1284 mensae

355 1324 444 1389 vidit
464 1321 730 1405 superpositum,
751 1319 909 1401 arripuit,
934 1317 1121 1382 arbitratus
1142 1320 1180 1382 in
1206 1327 1306 1384 tantu

356 1425 457 1505 copia
480 1441 626 1505 parvum
647 1419 866 1483 latrocinium
893 1437 996 1499 posse
1020 1418 1153 1496 latere3
1183 1438 1306 1482 verum

355 1541 438 1585 mox
460 1521 619 1584 omnibus
640 1518 848 1600 imaginibus
868 1536 945 1581 cum
964 1517 1100 1580 fremitu
1115 1533 1308 1598 exsurgen-

355 1622 460 1696 tibus,
480 1639 566 1701 puer
586 1619 713 1682 emissa
734 1617 866 1698 sagitta
883 1614 920 1678 in
941 1615 1189 1679 carbunculum
1213 1624 1309 1682 tene-

355 1720 436 1781 bras
460 1718 669 1793 induxit,·et
688 1716 755 1778 nisi
774 1716 833 1779 ille
854 1715 988 1779 monitu
1010 1713 1139 1777 domini
1161 1715 1218 1778 sui
1236 1715 1308 1778 cul-

287 1840 290 1844 ·
356 1816 476 1880 tellum
496 1816 639 1898 rejicere
655 1815 893 1890 accelerasset,
909 1832 1034 1895 graves
1057 1814 1159 1877 ambo
1180 1834 1306 1896 poenas

356 1914 592 1997 pertulissent.
654 1913 723 1989 Sic,
752 1933 821 1977 non
839 1913 977 1979 ¹satiata
1003 1910 1185 1976 Gereberti
1211 1915 1307 1995 cupi·

357 2014 448 2091 dine,
461 2015 591 2077 reversi
605 2019 689 2077 sunt
704 2012 850 2089 confusi,
859 2031 999 2093 gressus
1012 2030 1131 2076 eorum
1145 2012 1308 2078 lanterna

355 2113 537 2196 dirigente.

612 2285 661 2348 Do
678 2283 795 2348 opsita
807 2281 1048 2369 depopulatum.

407 2403 512 2471 Anno
528 2406 670 2470 Domini
691 2423 912 2472 ncoccxcrx.
927 2400 1158 2489 ¹pagauorum
1175 2407 1308 2472 exerci-

358 2512 415 2568 tus
438 2506 608 2569 nefandus
623 2505 759 2569 Cantiae
780 2505 1027 2570 occidentalem
1043 2506 1183 2588 plagam
1200 2507 1306 2573 ferme

358 2609 466 2665 totam
483 2604 636 2673 demoliti
658 2613 751 2682 sunt,
773 2604 863 2668 unde
885 2604 928 2668 ad
948 2603 1163 2668 Roffensium
1186 2607 1306 2670 urbem

356 2701 504 2779 devecti,
519 2720 595 2764 eam
617 2702 794 2766 obsidione
810 2702 1052 2782 vallaverunt3
1075 2712 1198 2768 contra
1219 2724 1307 2787 qnos

358 2798 627 2865 Cautuarienses
660 2801 823 2866 destinati
852 2821 1013 2884 asperum
1041 2821 1119 2866 curn
1148 2803 1199 2867 eis
1223 2823 1306 2867 con·

357 2897 489 2962 flictum
506 2900 669 2977 inierunt,
685 2901 758 2978 sed,
776 2901 854 2965 hine
875 2900 955 2965 inde
969 2901 1087 2964 multis
1103 2901 1306 2979 interfectis,

356 2997 451 3062 Dani
465 3000 604 3062 tandem
621 3001 801 3064 victoriam
816 3008 1057 3082 reportarunt3
1079 3008 1202 3064 contra
1216 3021 1305 3084 quos

356 3116 419 3160 rex
446 3097 652 3162 Ethelredus
684 3100 875 3163 exercitum
905 3098 1069 3182 dirigens,
1100 3118 1226 3181 pamm
1250 3099 1305 3165 vel

356 3195 441 3259 nihil
457 3196 614 3277 profecit.

466 3377 535 3441 aa
548 3375 732 3442 annona
746 3378 849 3442 naa
863 3376 998 3442 amaa
1011 3376 1198 3464 wama.

192 3508 319 3598 ffiffi·
407 3497 512 3563 Anno
545 3499 688 3562 Domini
716 3517 756 3565 u.
787 3501 908 3565 classis
941 3502 1123 3568 Danorum
1158 3503 1306 3584 praefata

193 3607 345 3696 gahamo
358 3597 610 3687 Normanniam
633 3598 805 3663 hostiliter
824 3601 960 3682 petivit,
977 3622 1047 3683 quo
1069 3602 1201 3679 audito,
1218 3600 1305 3667 Eth-

357 3696 493 3760 elredus
525 3717 587 3760 rex
611 3695 805 3779 Auglorum
835 3701 973 3764 interim
998 3694 1130 3766 ²Monte
1153 3701 1305 3766 insulam

359 3795 425 3856 sibi
439 3803 600 3876 potenter
615 3796 830 3880 subjugavit.

392 4021 399 4052 ¹
413 4023 722 4097 Paganorumexercitas]
743 4029 818 4079 Com·
842 4031 934 4080 elred’a
944 4032 1065 4081 intention
1075 4037 1101 4080 to
1112 4031 1177 4081 liare
1188 4035 1307 4084 aubdned

355 4109 416 4155 pare
428 4097 470 4144 the
481 4100 601 4145 accounts
612 4098 638 4146 iu
649 4098 710 4147 sax.
723 4098 816 4150 Chron.
843 4100 1024 4163 cumberland,
1040 4103 1087 4151 but
1107 4102 1148 4151 bis
1171 4103 1229 4153 dcet
1251 4120 1307 4154 war

356 4164 546 4213 audl'lorence.
842 4170 979 4231 prevented
1012 4171 1046 4233 by
1074 4177 1191 4234 conuary
1213 4175 1307 4225 winda.

389 4229 493 4284 ’Mona
501 4233 625 4297 inulam]
644 4235 669 4284 1t
676 4251 731 4286 was
738 4237 818 4288 Aeth-
842 4240 903 4290 Su.
915 4239 1019 4303 cumn,
1029 4240 1097 4292 Flor.
