3000 5004
464 453 604 501 rnonns
629 453 898 504 nrsroarnunu.
1089 442 1155 506 333

199 596 316 672 hostes
341 609 384 671 de
409 609 486 673 loco
508 610 706 673 certaminis
728 609 913 691 fugientes,
931 611 1005 673 sine
1024 612 1153 692 pietate

201 709 361 785 insecuti,
386 727 500 772 arcem
528 709 715 791 quandam,
743 730 821 790 quae
849 730 956 791 prope
988 719 1075 786 erat,
1104 712 1154 773 in-

202 806 299 888 gredi
316 808 570 889 compulerunt,
585 809 645 870 ubi
664 828 891 890 quaecumque
916 817 1018 872 extra
1040 829 1155 874 arcem

201 906 356 969 invenire
381 914 544 988 poterant
565 908 601 969 in
624 908 722 989 equis
740 916 775 971 et
792 910 957 972 armentis
979 909 1154 990 rapientes

201 1005 424 1086 hominesque
450 1007 670 1088 perimentes,
691 1026 805 1069 arcem
833 1007 975 1070 inclusis
998 1008 1154 1071 hostibus

203 1103 432 1184 obsedernut3
459 1105 517 1167 ubi
541 1125 619 1169 cum
638 1125 700 1187 per
714 1106 788 1168 dies
810 1106 1005 1187 quindecim
1021 1106 1155 1170 obsidio

202 1212 376 1284 ageretur,
399 1205 526 1286 pagani
549 1203 639 1267 samo
661 1205 764 1266 simul
787 1210 822 1268 et
838 1204 1006 1268 evadendi
1031 1206 1155 1287 despe-

203 1303 337 1366 ratione
361 1304 472 1366 attriti
501 1322 621 1386 pacem
646 1303 708 1366 tali
740 1303 936 1367 conditione
969 1304 1155 1386 petierunt,

204 1409 244 1464 ut
260 1402 358 1483 regni
375 1411 411 1466 et
427 1403 519 1484 rogis
544 1402 800 1466 infestationem
822 1411 989 1485 perpetuo
1015 1403 1155 1486 abjura-

204 1508 291 1566 rent.
344 1499 431 1565 Cum
463 1502 588 1584 quibus
622 1501 725 1565 etiam
754 1500 868 1584 Gytro
891 1522 954 1566 rex
979 1521 1098 1566 eorum
1120 1502 1156 1564 in

204 1607 302 1663 arcto
333 1602 544 1664 constitutus
569 1600 671 1663 fidem
695 1600 824 1665 Christi
847 1621 884 1665 se
912 1610 1155 1684 suscepturum

205 1700 374 1782 promisit,
388 1719 468 1783 quae
490 1700 617 1775 omnia,
640 1707 680 1762 ut
697 1701 914 1781 promiserat,
932 1700 1078 1765 fideliter
1092 1700 1155 1763 ad·

207 1798 384 1880 implevit;
412 1818 491 1862 nam
506 1805 587 1880 post
603 1797 677 1861 dies
693 1800 888 1882 quindecim
905 1800 995 1863 idem
1015 1819 1077 1862 rex
1096 1818 1157 1881 pa·

207 1915 318 1978 ganus
335 1917 412 1961 cum
437 1898 583 1979 triginta
605 1897 821 1961 electissimis
847 1899 890 1962 de
916 1899 1071 1962 exercitu
1093 1917 1157 1961 suo

207 1997 302 2072 viris,
320 2016 389 2060 non
410 1996 514 2077 longe
536 1997 580 2060 ab
598 1996 827 2077 Ethelingeie,
853 1998 888 2060 in
912 1997 989 2060 loco
1013 1997 1072 2078 qui
1094 2016 1157 2078 pa·

209 2096 277 2159 tria
292 2096 414 2177 lingua
430 2089 457 2130 ¹‘
470 2094 570 2159 Alre'
586 2095 723 2171 dicitur,
741 2096 939 2176 baptizatus
967 2103 1032 2171 est,
1055 2102 1090 2157 et
1112 2096 1156 2159 ab

210 2192 352 2258 Alsredo
379 2213 460 2276 rege
484 2194 527 2257 de
549 2194 645 2257 fonte
668 2194 816 2270 levatus,
845 2213 867 2257 a
899 2213 968 2274 quo
995 2194 1097 2256 etiam
1120 2195 1157 2256 in

209 2293 316 2356 filium
333 2292 530 2376 adoptionis
545 2293 715 2357 admissus
731 2294 955 2375 patrinusque
969 2293 1045 2376 ejus
1059 2291 1159 2355 effec-

209 2401 278 2469 tus,
297 2394 411 2475 ipsum
426 2400 560 2456 mutato
584 2393 721 2455 nomine
737 2389 982 2455 Athelstannm
998 2390 1157 2468 vocavit3

210 2491 310 2576 cujus
332 2491 526 2555 chrismatis
543 2491 714 2573 depositio
735 2498 859 2554 octavo
876 2490 932 2554 die
948 2492 984 2554 in
999 2491 1083 2555 villa
1106 2510 1159 2553 re·

210 2592 269 2672 gia
286 2591 379 2655 facta
396 2597 461 2666 est,
478 2584 593 2673 quae²‘
608 2589 789 2655 Wadmor’
800 2599 1031 2672 nuncupatur,
1046 2598 1082 2653 et
1097 2609 1160 2652 rex

211 2709 321 2771 nuper
338 2691 546 2772 baptizatus,
567 2709 644 2752 cum
672 2689 750 2752 aliis
773 2690 831 2772 qui
855 2710 933 2753 cum
958 2690 1034 2772 ipso
1058 2688 1159 2752 fidem

212 2786 343 2852 Christi
369 2796 605 2871 susceperant,
626 2788 805 2852 duodecim
831 2788 952 2852 diebus
978 2808 1055 2851 cum
1079 2807 1160 2868 rege

212 2885 356 2951 Alfredo
383 2889 419 2950 in
443 2906 571 2968 magna
594 2887 718 2951 laetitia
744 2895 1002 2965 remanserunt3
1035 2887 1160 2967 quibus

212 3006 274 3050 rex
291 2988 326 3050 in
347 3005 485 3051 recessu
501 3005 565 3049 suo
578 2986 690 3049 multa
705 2987 849 3050 donaria
862 2994 897 3050 et
912 2986 1064 3068 pretiosa
1080 3004 1162 3047 con-

211 3085 339 3163 ferens,
366 3086 514 3167 principi
539 3105 656 3149 eornm
677 3083 886 3149 Athelstano
913 3083 1161 3164 Est—angliam,

211 3185 343 3267 inqua
371 3192 512 3248 sauctus
545 3192 755 3266 regnaverat
782 3185 1018 3261 Eadmundns,
1050 3183 1093 3246 de
1124 3201 1161 3245 se

212 3283 393 3347 tenendam
408 3284 587 3347 concessit.
626 3345 627 3348 ,

336 3455 379 3520 Ut
398 3457 497 3539 Gylro
514 3478 568 3520 roo
584 3456 802 3541 Est-eupliam
817 3454 1046 3519 indolitoomt.

262 3578 366 3644 Anno
391 3580 532 3644 Domini
556 3596 785 3644 noccnxxrx.
811 3578 980 3642 nefandus
1007 3596 1285 3661 pagano-inno.

211 3698 287 3741 rum
311 3698 456 3743 acervus
474 3679 740 3744 Cirencestriam
755 3678 952 3760 relinquens
968 3678 1011 3742 ad
1028 3677 1163 3758 Anglos
1174 3649 1201 3738 ll
1208 3650 1284 3739 3¹31.

212 3777 398 3841 orientales
424 3779 589 3860 perrexit,
613 3779 672 3841 ubi
693 3777 806 3861 Gytro
833 3798 895 3841 rex
922 3798 1032 3860 nuper
1049 3778 1164 3860 bapti-

211 3882 311 3939 zatus
328 3878 504 3958 regionem
521 3877 616 3941 illam
632 3878 722 3941 inter
738 3896 821 3940 suos
838 3878 1007 3953 dividens,
1031 3877 1164 3940 inhabi-

249 4156 255 4184 ¹
266 4157 327 4206 Atre
336 4153 360 4222 ,·]
374 4159 502 4221 supposed
514 4166 539 4209 to
551 4160 582 4209 be
594 4159 676 4220 Aliter,
738 4156 749 4187 ⁹
770 4159 910 4221 Wudmor.]
939 4154 1082 4217 ‘Wetmor,'
1105 4159 1166 4208 Sar·

211 4241 273 4276 near
284 4227 420 4287 Athelney.
704 4226 814 4288 Chron.;
831 4223 997 4288 ‘Waedmor‚'
1010 4230 1097 4277 Anser.
