3000 5004
463 398 603 447 neonus
627 399 897 448 nrsronranuu.
1091 383 1158 450 113

365 626 560 692 Atlelbertus
575 650 629 693 ree
648 630 891 694 Uortumnum
905 629 992 696 obiit.

251 748 357 812 Anno
372 752 495 832 gratiae
511 769 635 816 noxvl.
654 747 908 831 ¹Athelbertus,
919 775 982 819 rex
999 754 1153 820 cantua-
1167 778 1186 816 n
1196 778 1222 817 n.
1232 778 1277 817 ue.

203 848 344 925 riorum,
366 858 446 931 post
471 871 615 932 regnum
642 852 844 933 temporale,
871 855 963 936 quod
982 856 1153 938 quinqua·
1166 827 1309 928 lilith,

201 947 301 1028 ginta
317 957 353 1012 et
370 969 432 1012 sex
450 951 549 1013 annis
574 950 820 1031 gloriosissime
837 960 1008 1032 tenuerat,
1024 963 1154 1020 aeterna

201 1047 350 1110 caelestis
373 1049 470 1130 regni
497 1050 626 1130 gaudia
650 1051 870 1128 conscendit;
893 1052 1076 1117 defunctus
1091 1072 1153 1117 au-

203 1154 271 1209 tem
296 1156 377 1228 post
401 1149 527 1229 viginti
552 1159 587 1213 et
609 1169 714 1212 unum
738 1168 848 1212 annos
864 1143 1035 1233 ²acceptae
1061 1152 1153 1230 fidei,

203 1246 238 1307 in
255 1248 390 1327 porticu
404 1249 517 1311 sancti
538 1249 681 1312 Martini
702 1250 796 1312 intra
810 1249 989 1313 ecclesiam
1012 1259 1154 1333 aposto-

202 1343 313 1408 lorum
338 1345 434 1410 Petri
452 1354 487 1410 et
504 1346 619 1423 Pauli,
636 1366 739 1429 quam
761 1349 836 1430 ipse
854 1348 1072 1428 fundaverat,
1098 1370 1153 1414 se·

203 1444 321 1525 pultus
335 1456 401 1510 est.
439 1445 542 1509 Anno
556 1447 674 1529 itaque
684 1466 753 1528 quo
767 1446 950 1512 defunctus
966 1456 1019 1512 est
1030 1448 1154 1513 Athel-

203 1543 333 1621 hertus,
358 1564 436 1608 cum
462 1545 554 1609 tilius
579 1545 654 1630 ejus
680 1546 880 1611 Eadbaldus
903 1549 1003 1629 regni
1027 1550 1153 1630 guber-

204 1644 328 1706 nacula
353 1645 573 1728 suscepisset,
598 1664 726 1726 magno
756 1646 804 1709 ibi
833 1647 969 1710 tenellis
999 1647 1154 1712 ecclesias

203 1744 386 1807 crementis
411 1744 617 1809 detrimento
639 1743 725 1823 suit;
758 1745 925 1827 siquidem
952 1766 1022 1810 non
1041 1747 1155 1811 solum

205 1840 306 1905 tidem
321 1842 451 1907 Christi
469 1844 620 1925 recipere
643 1843 766 1921 noluit,
788 1845 849 1908 sed
868 1852 903 1908 et
920 1845 982 1908 tali
1004 1845 1154 1909 fornica·

205 1940 299 2005 tione
322 1942 476 2024 pollutus
492 1951 557 2019 est,
572 1952 611 2007 ut
627 1938 787 2007 ³uxorem
805 1945 914 2025 patris
932 1943 1075 2008 insanus
1093 1945 1155 2009 ha-

205 2040 313 2104 beret.
365 2041 478 2106 Auxit
493 2051 608 2106 autem
622 2043 809 2125 procellam
826 2042 1063 2127 hujuscemodi
1074 2063 1154 2125 per·
1166 2062 1241 2152 ἓξὲξ

206 2141 412 2205 turbationis
436 2143 540 2206 etiam
555 2161 647 2204 mors
665 2142 810 2219 Seberti,
828 2142 919 2223 regis
936 2136 1177 2207 orientalium
1242 2139 1247 2150 '

208 2238 399 2316 Saxonum,
414 2242 486 2324 qui,
502 2261 611 2323 regna
632 2242 797 2323 perennia
810 2249 940 2324 petens,
965 2249 1035 2306 tres
1053 2243 1156 2320 lilios,

208 2339 268 2421 qui
289 2340 419 2421 pagani
443 2348 716 2423 permanserant,
740 2340 837 2421 regni
864 2342 1064 2423 temporalis
1084 2340 1156 2406 hae·

207 2438 306 2501 redes
331 2439 479 2521 reliquit.
534 2439 724 2523 Coeperunt
753 2440 805 2503 illi
833 2459 916 2504 mox
939 2441 1158 2519 idololatriae,

208 2555 312 2619 quam
339 2538 478 2603 vivente
511 2547 611 2622 patre
646 2539 900 2622 aliquantulum
932 2541 1159 2604 intermisisse

208 2636 426 2715 videbantur,
441 2640 556 2721 palam
574 2638 748 2703 deservire
771 2639 1004 2723 subjectisque
1020 2640 1159 2723 populis

210 2734 305 2799 idola
327 2738 461 2801 colendi
483 2738 626 2803 liberam
656 2738 738 2802 dare
757 2737 954 2818 lieentiam3
989 2740 1050 2821 qui
1081 2758 1159 2803 oum

210 2834 366 2899 viderent
395 2837 607 2918 pontificem,
636 2838 819 2901 celebratis
846 2838 882 2901 in
907 2838 1053 2902 eeclesia
1077 2838 1160 2901 mis·

210 2952 327 2997 sarum
342 2935 530 3014 solemniis,
545 2937 788 3001 eucharistiam
811 2937 940 3020 populo
957 2936 1052 3014 dare,
1068 2934 1160 3000 dice·

210 3034 295 3097 bant
319 3034 362 3097 ed
391 3053 469 3098 eum
492 3036 673 3099 barbarica
699 3035 811 3099 inflati
839 3036 1001 3113 stultitia,
1017 3034 1161 3114 ‘Quare

211 3151 279 3197 non
305 3133 410 3198 etiam
435 3135 533 3198 nohis
555 3135 703 3218 porrigis
728 3154 852 3217 panem
875 3135 1034 3211 nitidum,
1059 3153 1161 3217 quem

212 3239 248 3295 et
270 3233 361 3315 patri
383 3241 501 3298 nostro
525 3234 668 3298 Seberto
692 3233 812 3309 dabas,
840 3241 875 3296 et
898 3232 1011 3297 adhuo
1032 3233 1162 3316 populo

211 3331 247 3394 in
274 3332 421 3395 ecclesia
446 3334 529 3397 dure
549 3353 619 3397 non
646 3332 817 3396 desinisl’
851 3332 977 3414 quibus
1006 3331 1163 3396 Mellitus

210 3429 285 3512 ipse
301 3431 492 3512 respondit,
507 3432 568 3496 ‘Si
584 3433 692 3498 vultis
709 3431 804 3494 ablui
818 3431 878 3495 illo
894 3430 990 3494 fonte
1004 3432 1163 3508 salutari,

211 3546 281 3611 quo
298 3538 399 3613 pater
414 3538 530 3595 vester
546 3532 685 3596 ablutus
703 3537 769 3607 est,
781 3530 926 3613 potestis
937 3531 1037 3612 panis
1052 3532 1165 3596 sancti

248 3753 442 3819 ¹Athelhertu]
458 3757 512 3805 The
519 3760 639 3806 accounts
649 3755 678 3803 ol
700 3756 745 3803 tim
757 3753 820 3802 from
832 3754 916 3814 Beda,
926 3751 939 3819 ἦ
951 3757 1009 3813 1⁰1,
1019 3768 1083 3817 seqq.

210 3827 253 3877 the
264 3826 342 3875 death
357 3826 559 3876 ol'Aethelberht
569 3826 620 3874 and
631 3826 675 3874 Se-
735 3824 746 3851 ⁹
763 3824 875 3887 Acceptoe
889 3823 975 3888 fidei]
999 3823 1066 3872 Thet
1087 3825 1121 3885 is,
1141 3824 1167 3872 in

212 3898 278 3957 bert,
298 3896 340 3944 the
364 3895 455 3945 former
473 3896 502 3945 oi
518 3896 612 3957 whom,
634 3909 677 3943 ac·
701 3893 828 3956 Englaud.
862 3894 911 3941 See
923 3892 1097 3955 Beda,§l⁰u.

210 3965 317 4026 eording
334 3969 360 4013 to
383 3964 425 4014 the
447 3980 516 4015 sume
539 3964 677 4025 authority,
740 3960 870 4011 'Uxorem
879 3960 1173 4025 putris.]'l'henameol'

211 4035 273 4085 died
291 4038 324 4083 24
339 4035 480 4097 February,
490 4035 604 4097 together
614 4034 677 4082 with
702 4030 890 4081 Aethelberht's
901 4031 994 4080 second
1002 4030 1062 4079 wife
1074 4032 1096 4078 is
1108 4044 1170 4091 sup·

210 4106 254 4156 the
265 4105 364 4166 portion
373 4104 403 4153 ol'
411 4105 506 4154 chureh
520 4102 679 4165 historythat
703 4102 782 4163 posed
805 4107 832 4149 to
853 4100 918 4149 haue
940 4101 1005 4148 been
1032 4099 1170 4161 purposely

212 4175 322 4235 follows,
332 4189 375 4223 ure
391 4174 469 4224 taken
488 4175 576 4235 nearly
588 4174 678 4223 verbu-
690 4206 693 4241 ἱ
704 4170 861 4232 suppressed
871 4171 907 4231 hy
917 4169 1064 4220 historiens.

265 4265 344 4312 VOL.
364 4265 389 4315 Ι.
1005 4259 1017 4306 Ι
