3000 5004
462 454 602 501 ruonns
626 453 894 504 u1sr01uaauu.
1084 443 1152 507 365

201 628 285 692 apes
302 609 438 673 viderat
453 608 684 686 descendisse,
701 609 884 692 conjectat.
927 608 1027 673 Mare
1043 609 1151 691 igitur

202 710 276 791 ipse
307 716 343 772 et
367 708 444 791 ejus
471 707 721 771 commilitones
745 708 998 788 ingrediuntur,
1029 709 1151 772 flaute·

201 827 268 890 que
297 807 341 870 ad
368 816 487 871 votum
513 814 629 883 vento,
655 808 802 869 emensis
833 806 994 870 fluctibus
1025 809 1152 890 pelagi,

204 905 420 970 Gemeticum
443 906 599 981 veniunt,
624 907 683 968 ubi
704 905 879 985 quandam
902 907 1070 986 virginem
1096 925 1153 969 sa-

203 1024 309 1081 cram,
334 1004 472 1068 nomine
487 1002 736 1078 Ameltrudem,
755 1022 858 1084 quam
881 1006 925 1067 ab
941 1003 1073 1086 Anglia
1090 1005 1154 1067 ad-

202 1110 439 1186 portaverant,
462 1103 497 1165 iu
520 1102 655 1184 capella
674 1103 786 1164 sancti
803 1101 949 1166 Vedasti
972 1122 1076 1184 super
1100 1104 1151 1166 al·

202 1211 277 1267 tare
293 1202 504 1283 relinquunt.
547 1199 704 1278 Quorum
718 1199 903 1264 adventum
922 1201 1068 1277 Franco,
1081 1202 1151 1264 Ro-

203 1300 440 1381 thomagensis
471 1298 762 1381 archiepiscopus,
794 1317 1006 1379 cognoscens
1039 1307 1074 1363 et
1108 1301 1151 1363 de

203 1399 433 1482 possibilitate
458 1397 640 1460 resistendi
662 1395 831 1473 diffidens,
853 1398 1005 1461 decrevit
1031 1398 1151 1461 utilius

203 1498 275 1562 iore
293 1516 412 1579 pacem
430 1498 473 1559 ab
488 1497 538 1559 eis
553 1514 720 1577 quaerere,
734 1514 838 1576 quam
854 1496 931 1559 illos
947 1497 990 1559 ad
1003 1516 1099 1559 arma
1115 1499 1151 1560 in

202 1597 257 1660 sui
282 1596 466 1679 perniciem
492 1613 699 1676 provocare3
723 1594 782 1674 qui
804 1593 950 1657 festinus
973 1596 1085 1659 viator
1107 1596 1151 1658 ad

201 1695 280 1758 illos
305 1695 447 1757 veniens
474 1712 594 1775 pacem
621 1699 742 1774 petens
772 1692 983 1774 impetravit,
1006 1713 1151 1776 eamque

204 1793 332 1857 foedere
347 1792 546 1855 fidelissimo
564 1791 791 1854 confirmavit.
843 1791 1012 1874 Suscepto
1032 1794 1151 1874 itaque

206 1891 311 1957 Rollo
344 1891 495 1972 regionis
524 1890 676 1953 dominio
697 1889 966 1970 ,Rothomagum
996 1892 1082 1956 adiit
1117 1900 1152 1956 et

205 1990 382 2072 eleganter
413 1989 599 2052 destructae
628 1988 780 2051 civitatis
808 1989 936 2051 moeuia
965 1991 1152 2070 reparavit,

204 2089 486 2172 circumjacentes
517 2088 674 2167 regiones
704 2087 899 2167 occupavit,
935 2088 1079 2151 castella
1116 2088 1152 2150 in

204 2187 289 2252 locis
318 2186 481 2268 congruis
504 2185 678 2260 formavit,
706 2192 741 2248 et
774 2192 898 2248 terram
930 2193 1050 2258 totam,
1073 2206 1152 2266 quac

205 2294 288 2350 tunc
316 2285 495 2360 Neustria,
518 2285 620 2347 modo
648 2302 730 2346 vero
756 2282 972 2346 Normannia
1000 2286 1043 2347 ab
1068 2286 1153 2366 ipsis

205 2384 422 2448 Norensibus
451 2382 587 2458 dicitur,
618 2384 682 2445 sub
713 2400 778 2444 sua
803 2389 976 2463 potestate
1013 2385 1152 2466 recepit.

206 2483 261 2546 Ex
291 2483 357 2546 hoc
379 2501 516 2564 quoque
543 2480 692 2544 Rollone
723 2480 844 2564 inclyti
874 2481 1153 2545 Normannorum

205 2581 309 2646 duces
325 2581 492 2662 originem
509 2587 703 2655 traxerunt,
718 2579 808 2643 sicut
829 2598 893 2644 suo
912 2581 990 2645 loco
1006 2601 1155 2663 sequens

207 2679 352 2744 historia
367 2678 568 2743 declarabit.

389 2854 438 2917 Da
451 2862 552 2938 strepa
565 2851 604 2916 ab
619 2853 734 2938 Aegiis
749 2852 843 2916 illata
858 2853 973 2916 Danis.

257 2976 362 3040 Anno
386 2977 525 3040 Domini
549 2976 984 3056 ncccxcv1u.Stephanus
1007 2975 1097 3037 sedit
1119 2973 1153 3036 in
1168 2990 1297 3079 illidit.

207 3076 372 3139 cathedra
394 3075 554 3138 Romana
576 3094 668 3137 anuo
698 3094 778 3137 uno.
830 3075 961 3138 Eodem
984 3092 1074 3135 auno
1096 3072 1154 3135 de·
1168 3090 1300 3138 repul-ectu

207 3174 326 3237 su¹¹⁰t⁰
345 3174 512 3248 EastassQ
531 3172 763 3235 Londouiensi
779 3165 1154 3254 episcopo‚¹Tl1e0dre.
1169 3140 1261 3178 ΛΜ·

206 3271 272 3336 dus
288 3273 466 3335 successit.
520 3271 648 3334 Eodem
674 3279 826 3352 tempore
843 3272 972 3352 pagani
997 3290 1075 3333 cum
1093 3289 1156 3332 sex

207 3370 316 3452 galcis
333 3372 368 3433 in
382 3371 509 3433 ostium
522 3370 684 3445 fluminis,
694 3370 750 3432 cui
759 3363 787 3402 ²‘
799 3369 1021 3432 Uthermare'
1033 3387 1157 3431 nomen

244 3589 251 3619 ¹
265 3590 449 3653 Theodredua]
471 3589 606 3639 sumamed
629 3589 671 3637 the
696 3590 774 3639 about
785 3588 835 3636 this
846 3589 906 3636 time
918 3588 979 3636 with
992 3589 1032 3637 aix
1049 3589 1121 3649 ships
1132 3594 1158 3637 to

209 3660 300 3719 soom
316 3660 359 3709 the
378 3661 438 3709 time
454 3659 484 3707 ol
499 3659 539 3707 his
556 3658 631 3706 death
648 3660 671 3706 is
695 3661 737 3710 the
748 3659 800 3707 Isle
811 3658 840 3707 os
849 3657 946 3720 Wight,
962 3658 1013 3705 and
1032 3658 1158 3707 extended

209 3730 349 3779 uncertain.
386 3728 494 3776 Hewas
511 3728 599 3776 buried
617 3728 642 3775 in
655 3743 672 3776 a
695 3731 760 3779 their
771 3729 942 3776 devastatione
955 3731 980 3774 to
993 3728 1117 3777 thecoast
1132 3728 1162 3775 oi

209 3803 282 3860 crypt
297 3798 379 3846 under
395 3797 438 3847 the
454 3802 557 3858 present
575 3796 670 3845 church
695 3797 861 3857 Devonshire,
878 3812 946 3857 upon
957 3796 1042 3845 which
1053 3797 1158 3845 Aellred

209 3867 238 3916 oi
245 3869 272 3916 S.
284 3866 375 3924 Paith3
392 3865 670 3928 mflunungduesa
694 3867 799 3917 ordered
819 3870 864 3914 out
879 3867 937 3914 nine
957 3864 986 3912 oi
1004 3867 1044 3915 his
1063 3867 1159 3927 nearly-

210 3935 305 3986 Pontii.
316 3951 343 3995 p.
355 3938 412 3984 2³6.
695 3939 761 3987 built
771 3937 867 3985 vessels
877 3935 979 3996 against
989 3935 1066 3995 them,
1074 3935 1159 3983 which

244 4003 411 4053 'Uthermare
420 4001 441 4063 ,·]
456 4004 602 4065 probablya
613 4002 672 4050 mis·
695 4008 775 4069 might
792 4009 835 4053 cut
850 4005 918 4052 them
929 4003 972 4064 all,
989 4005 1038 4053 and
1055 4009 1158 4063 prevent

209 4075 278 4135 take,
295 4074 448 4135 originatiug
465 4075 490 4120 in
502 4088 518 4122 a
528 4072 671 4121 misunder·
695 4076 761 4124 their
771 4074 868 4135 getting
879 4078 904 4121 to
916 4078 994 4131 sem
1007 4083 1157 4132 pop-pepon

209 4144 328 4204 standing
337 4142 366 4190 os
374 4143 416 4190 the
423 4144 508 4191 saxon
515 4147 579 4199 text,
586 4141 672 4190 where
695 4142 748 4189 him
760 4143 825 4204 pone
836 4139 930 4185 munau
944 4148 1029 4200 popan
1041 4147 1072 4180 on
1085 4144 1156 4193 utep

208 4213 229 4261 it
239 4214 262 4261 ia
273 4212 356 4262 stated
372 4212 427 4260 that
442 4211 584 4261 theDanea
601 4224 671 4259 came
696 4221 780 4268 mapa.
817 4200 1151 4254 &ammanuensium
