3000 5004
188 1412 331 1504 Willqldm

186 3485 266 3526 Vinion.

351 433 415 500 186
611 447 744 496 noorai
770 446 816 493 ns
840 446 1045 495 wnuoovna

351 609 428 683 hus,
460 608 519 689 qui
554 605 719 688 religione
758 605 860 669 simul
896 614 931 669 et
962 605 1133 669 industria
1165 614 1303 685 gentem

351 724 449 769 suam
467 707 511 769 ab
525 713 694 769 extranea
707 705 886 769 invasione
903 705 1088 788 ejecerunt.
1126 704 1192 768 Isti
1208 714 1304 786 post-

351 805 490 868 modum
507 806 543 868 in
560 805 645 869 villa
661 804 935 868 Dovernensium
952 804 988 866 iu
1003 804 1168 868 honorem
1191 805 1304 868 sancti

352 903 500 968 Martini
525 904 782 968 fabricaverunt
804 903 997 979 ecclesiam,
1017 905 1054 966 in
1070 902 1148 966 loco
1170 902 1221 966 eis
1243 903 1305 967 ad·

351 1001 489 1084 signato
513 1023 536 1066 a
552 1004 683 1068 Sancto
705 1003 864 1085 praeiato,
887 1003 1017 1085 inqua
1040 1000 1228 1066 monachos
1251 1022 1305 1067 re·

351 1102 520 1183 gulariter
540 1102 697 1166 viventes
725 1103 952 1184 imponentes,
975 1101 1092 1166 multis
1119 1120 1178 1165 eos
1200 1102 1304 1164 rebus

351 1200 454 1263 simul
479 1220 521 1265 ac
548 1201 650 1264 terris
675 1200 802 1264 divites
824 1200 1035 1280 effecerunt;
1068 1208 1304 1283 regnaverunt

350 1308 466 1363 autem
483 1301 628 1381 triginta
641 1307 792 1382 quatuor
806 1307 843 1364 et
859 1299 963 1363 semis
979 1318 1101 1364 annos.

402 1393 549 1463 Eodem¹
560 1398 842 1462 annoWilfridus
851 1397 1303 1480 Eboraceusisergaregem

263 1463 548 1563 Rome'Alhsridum
567 1506 764 1574 accusatus,
779 1499 823 1561 ab
844 1497 963 1562 eodem
983 1516 1065 1578 rege
1081 1504 1116 1560 et
1131 1497 1303 1580 episcopis

351 1597 508 1678 plurimrs
516 1597 561 1659 ab
572 1597 775 1678 episcopatu
787 1595 908 1678 pulsus
917 1603 990 1659 est
981 1615 1219 1679 vemensque
1231 1594 1305 1660 Ro-

351 1715 443 1758 mam
460 1715 537 1758 cum
552 1696 780 1777 praesentibus
796 1694 1067 1772 accusatoribus,
1083 1701 1123 1759 ut
1135 1694 1249 1759 locum
1264 1714 1303 1758 se

351 1793 556 1857 defendendi
569 1794 752 1877 acciperet,
768 1794 1027 1858 considentibus
1040 1793 1210 1875 episcopis
1224 1793 1303 1876 plu-

352 1892 460 1968 ribus,
475 1892 511 1955 in
528 1893 715 1973 praesentia
731 1893 861 1957 domini
883 1911 984 1975 papae
1000 1891 1152 1956 omnium
1168 1892 1302 1976 judicio

351 1992 534 2072 probatum
554 1999 620 2068 est,
636 1999 857 2055 accusatores
877 1990 953 2075 ejus
973 1990 1159 2055 nonnullas
1181 1999 1304 2055 contra

350 2110 430 2154 eum
456 2089 563 2154 salsas
589 2090 781 2155 calumnias
810 2090 1039 2165 machinasse,
1064 2089 1302 2172 scriptumque

351 2196 406 2252 est
424 2190 497 2270 rogi
515 2189 896 2253 Northanhumbrorum
912 2187 1086 2264 Alhfrido,
1103 2196 1143 2252 ut
1164 2207 1243 2252 eum
1265 2189 1303 2252 in

351 2289 578 2369 praesulatum
593 2308 693 2351 suum
709 2288 816 2371 recipi
836 2288 977 2364 faceret,
998 2288 1146 2369 eoquod
1171 2287 1301 2370 injuste

350 2385 455 2450 fuerit
477 2387 736 2451 condemnatus.
790 2385 861 2465 Qui
886 2406 964 2451 cum
983 2385 1202 2450 Britanniam
1224 2386 1302 2450 red·

349 2485 424 2549 iens
448 2486 484 2549 in
510 2493 628 2567 partes
654 2485 849 2552 Galliarum
874 2484 1071 2550 devenisset
1101 2492 1218 2549 tactus
1245 2494 1301 2550 est

348 2583 548 2648 infirmitate
577 2585 769 2666 repentina,
798 2592 838 2648 ut
870 2604 932 2648 nec
962 2603 1052 2667 equo
1075 2583 1154 2647 vehi
1181 2593 1301 2666 posset

348 2681 408 2745 sed
424 2682 583 2746 manibus
598 2684 832 2748 ministrorum
846 2684 882 2746 in
897 2685 1067 2763 grabbato
1081 2690 1299 2764 portaretur3

347 2780 467 2863 sicque
490 2781 525 2844 in
542 2781 697 2846 Meidnm
713 2784 889 2848 civitatem
903 2782 1030 2846 Galliae
1046 2781 1195 2860 delatus,
1212 2802 1299 2865 qua·

348 2885 429 2943 tuor
445 2879 565 2945 diebus
584 2901 663 2945 cum
686 2883 845 2946 noctibus
862 2881 963 2963 quasi
984 2887 1143 2945 mortuus
1157 2881 1298 2945 decum-

347 2978 464 3044 bebat.
516 2980 674 3064 Cumque
690 2982 741 3044 ita
763 2981 837 3045 sine
852 2981 929 3044 cibo
951 2986 987 3042 et
1006 2987 1104 3062 potu,
1121 2979 1197 3043 sine
1211 2999 1299 3045 voce

348 3085 384 3143 et
410 3079 544 3157 auditu,
569 3080 753 3162 quatriduo
778 3085 978 3155 vexaretur,
1003 3079 1125 3160 quinto
1158 3079 1297 3143 illuces-

347 3186 446 3242 cente
460 3178 527 3255 die,
542 3180 643 3261 quasi
653 3179 696 3242 de
712 3178 812 3260 gravi
823 3197 944 3242 somno
955 3196 1149 3258 exsurgens
1159 3177 1299 3258 resedit,

347 3277 587 3359 modicumque
602 3278 792 3361 suspirans,
810 3277 869 3340 ubi
885 3284 977 3341 esset
994 3275 1091 3340 Acca
1105 3277 1298 3360 presbyter,

348 3375 540 3458 requisivit,
578 3379 637 3460 qui
675 3397 753 3441 cum
787 3377 906 3440 statim
935 3382 1080 3439 vocatus
1120 3376 1297 3455 intrasset,
1352 3452 1358 3463 Ι

346 3474 397 3538 ita
421 3495 500 3539 eum
526 3476 656 3559 alloqui
680 3476 824 3540 adorsus
847 3483 921 3553 est;
946 3474 1068 3540 ‘Visio
1090 3473 1174 3539 mihi
1192 3475 1296 3541 modo

345 3575 525 3638 tremenda
550 3576 724 3657 apparuit,
749 3594 852 3657 quam
879 3582 914 3638 te
943 3574 1063 3638 audire
1092 3593 1133 3637 ac
1158 3574 1297 3640 silentio

346 3680 463 3753 tegere
481 3672 572 3749 volo,
588 3673 696 3737 donec
718 3675 859 3755 probem
876 3674 958 3755 quid
981 3673 1024 3736 de
1046 3692 1100 3736 me
1122 3673 1196 3737 fieri
1210 3675 1297 3739 velit

346 3769 465 3849 Deus3
499 3769 648 3835 Adstitit
669 3771 752 3835 mihi
774 3772 923 3855 quidam,
936 3771 1084 3837 candido
1106 3773 1296 3854 praeclarus

345 3868 479 3946 habitu,
495 3869 624 3947 dicens,
640 3890 677 3934 se
695 3870 899 3935 Michaelem
916 3871 1174 3953 archangelum,
1189 3879 1225 3935 et
1249 3874 1295 3936 oh

345 3967 422 4045 hoc,
447 3969 571 4051 inquit,
587 3970 713 4033 missus
736 3990 825 4048 sum,
840 3978 880 4035 ut
902 3978 937 4035 te
959 3991 980 4033 a
1002 3978 1112 4034 morte
1135 3989 1293 4035 revocem

379 4153 387 4186 ¹
398 4157 489 4205 Eode
501 4169 563 4203 unae
578 4154 733 4219 Wibridus]
755 4156 805 4206 For
829 4156 936 4206 reader‘
929 4170 952 4205 rs
962 4155 1073 4205 referred
1084 4160 1110 4204 to
1122 4154 1294 4224 bedaque

342 4225 385 4275 the
402 4228 514 4275 contente
530 4224 559 4274 of
571 4225 622 4275 this
635 4225 743 4288 chapter
762 4227 804 4276 the
830 4229 932 4286 -4243
950 4225 1051 4274 Eddius
1052 4222 1216 4291 ,§§.ts-o2
