3000 5004
200 1316 254 1356 Ad).
267 1317 309 1357 tat.

201 1368 307 1409 Fadberbt

196 1419 277 1468 resigna
286 1419 320 1458 hta

197 1469 307 1519 kingdom.

363 430 429 494 234
619 445 753 493 sooner
777 446 824 493 nn
846 445 1055 494 wnanovnn

363 601 511 683 positus,
528 601 564 664 in
578 601 803 684 silvam‚quae
814 594 1159 666 '‘Andredesweald'
1175 601 1318 680 dicitur,

364 699 500 780 fugiens
519 720 557 763 se
576 700 767 779 abscondit,
783 701 843 764 nbi
856 700 993 765 Ansian
1015 702 1194 785 porcarius
1209 701 1318 766 Cum-

363 799 435 863 brae
452 799 604 863 consulis
630 801 800 882 nequiter,
815 808 855 864 ut
878 800 1042 877 diximus,
1063 801 1235 866 interfecti
1259 821 1316 865 re·

363 916 442 978 gem
463 899 704 963 absconditum
728 899 822 983 apud
842 899 1093 965 Privetesflode
1111 900 1258 979 invenit,
1280 909 1318 965 et

363 997 400 1060 in
416 997 604 1063 vindictam
624 998 753 1064 domini
768 999 822 1063 sui
843 1001 1001 1082 peremit.
1053 999 1184 1064 Eodem
1207 1020 1314 1076 anno,

362 1096 525 1163 defuncto
543 1097 985 1176 Humfrido,Wintoniensi
997 1093 1314 1182 pontifice,¹Kine·

363 1194 490 1261 bardus
506 1199 684 1264 successit.

411 1295 516 1361 Anno
545 1298 687 1362 Domini
711 1314 866 1361 nccnvrr.
898 1297 1106 1374 Radbertus,
1128 1318 1193 1362 rex
1218 1297 1315 1362 Nor-

361 1395 679 1475 thanhumbrorum,
696 1404 819 1479 sponte
833 1391 976 1460 ³Osulfo
998 1396 1149 1461 filiosuo
1165 1417 1312 1479 regnum

361 1495 512 1578 reliquit,
528 1496 620 1578 quod
646 1496 704 1559 ille
726 1515 817 1560 anno
843 1516 913 1560 uno
939 1505 1060 1560 tenens
1082 1495 1217 1575 amisit3
1250 1516 1311 1560 oc-

360 1593 454 1657 cisus
480 1602 534 1658 est
559 1597 650 1659 enim
678 1596 836 1678 nequiter
861 1615 883 1659 a
917 1594 1057 1678 propria
1084 1602 1191 1677 gente
1217 1615 1311 1659 nono

359 1691 527 1757 kalendas
544 1693 710 1776 Augusti.
763 1694 958 1759 Eadbertus
975 1713 1058 1758 vero
1074 1714 1136 1759 rex
1151 1694 1310 1759 habitum

359 1800 395 1855 et
404 1799 582 1856 tonsuram
594 1793 754 1858 monachi
771 1795 944 1876 suscepit3
961 1794 1028 1858 iste
1038 1801 1247 1858 estoctavus
1263 1814 1310 1858 ex

358 1892 497 1972 regibus
514 1890 723 1973 Anglorum,
738 1893 798 1975 qui
810 1913 875 1977 pro
892 1912 1000 1975 regno
1017 1893 1200 1976 temporali
1213 1912 1309 1958 com·

357 1999 580 2057 mutaverunt
602 2000 782 2069 aeternum,
808 2001 848 2056 ut
867 1999 946 2057 octo
974 1993 1228 2057 beatitudinum
1248 1993 1308 2076 ju·

356 2090 580 2170 cunditatem,
604 2111 683 2174 quea
701 2092 907 2157 voluntariae
927 2092 1126 2174 paupertati
1148 2092 1308 2169 debetur,

355 2208 418 2271 pro
434 2191 531 2255 lucro
553 2192 720 2257 haberent
735 2192 770 2255 in
788 2191 895 2255 caelis.
944 2191 1068 2255 Osulfo
1081 2210 1220 2274 quoque
1233 2191 1308 2256 filio

354 2291 431 2371 ejus
466 2292 632 2355 successit
673 2292 709 2355 in
742 2310 886 2373 regnum
919 2289 1305 2355 Northanhumbrorum

354 2380 609 2454 *Athelwoldus
645 2389 755 2455 Molle
789 2409 853 2453 sex
886 2390 998 2454 annia.
1060 2389 1189 2454 Eodem
1212 2410 1307 2455 anno

354 2482 505 2552 ⁵Paulus
520 2509 613 2571 papa
627 2489 717 2554 sedit
732 2489 856 2553 Romae
870 2496 1021 2572 quatuor
1034 2490 1146 2553 annis.

393 2663 442 2725 Do
459 2662 529 2744 Offo
544 2683 609 2748 rege
623 2662 814 2728 Marciorum
827 2663 1034 2728 strenuissimo
1047 2671 1075 2727 et
1086 2662 1152 2747 ejas
1165 2684 1270 2748 rayno.

404 2781 509 2847 Anno
531 2785 673 2848 Domini
699 2802 981 2867 nccnv111.gens
1007 2786 1050 2850 de
1075 2805 1183 2867 regno
1208 2785 1305 2850 Mer·

354 2882 484 2946 ciorum
507 2892 630 2948 contra
650 2903 767 2965 regem
791 2904 892 2948 auum
914 2879 1167 2949 ⁶Beornrednm
1189 2885 1304 2949 inaur-

353 3002 451 3063 gens,
477 3003 540 3064 pro
569 3003 610 3047 eo
633 2983 725 3066 quod
750 2984 917 3066 populum
944 3004 1014 3047 non
1036 2985 1146 3066 eequis
1167 2983 1303 3066 legibus

352 3083 413 3146 sed
439 3103 501 3164 per
518 3082 737 3166 tyrannidem
760 3084 980 3163 gubernaret,
1006 3093 1244 3148 convenerunt
1266 3085 1302 3148 in

351 3201 458 3245 unum
473 3202 603 3260 omnes,
613 3191 685 3246 tam
702 3182 834 3246 nobiles
848 3201 951 3264 quam
962 3182 1143 3264 ignobiles,
1153 3192 1200 3261 et,
1209 3175 1303 3247 'offa

350 3281 449 3357 duce,
474 3282 693 3345 adolescente
726 3282 977 3358 strenuissimo,
1009 3281 1122 3364 ipsum
1148 3301 1171 3345 a
1195 3301 1303 3364 regno

387 3463 625 3530 ¹Andredeaweold.]
636 3465 718 3515 These
726 3466 813 3526 places
837 3464 888 3513 and
901 3464 1019 3513 Florence
1036 3465 1110 3526 place
1120 3464 1162 3514 bie
1171 3469 1303 3517 accession

351 3551 418 3584 were
445 3537 472 3584 in
495 3537 609 3596 Suasex;
631 3535 720 3583 Camd.
744 3536 762 3584 i.
784 3550 811 3596 p.
836 3534 862 3581 in
874 3534 1236 3593 ibb,andbiadeatbinid⁵.

351 3610 408 3654 242.
872 3600 1010 3666 ‘Poalaa.]
1027 3604 1076 3653 See
1094 3604 1185 3666 above,
1197 3621 1224 3667 p.
1241 3611 1300 3668 288,

383 3671 584 3735 ’Kineitordan
603 3673 645 3721 He
662 3673 813 3735 succeeded,
835 3676 890 3721 note
902 3669 922 3722 ².

349 3743 486 3805 according
511 3747 536 3790 to
559 3742 602 3791 the
624 3743 686 3791 Sax.
709 3742 813 3803 Chrom,
870 3737 881 3768 ⁶
904 3742 1102 3805 fleetendum]
1129 3741 1184 3790 Tha
1214 3744 1299 3793 Saron

348 3813 374 3860 in
386 3816 443 3861 754.
837 3811 970 3860 Chronicle
991 3812 1078 3873 places
1096 3811 1137 3860 bia
1155 3812 1232 3861 death
1249 3814 1300 3862 and

382 3875 514 3948 ’Omiso.]
541 3880 584 3930 He
603 3895 658 3930 was
676 3881 811 3929 murdered
836 3881 877 3930 the
893 3882 1024 3930 accession
1033 3881 1063 3930 oi
1070 3880 1217 3932 Offaintbe
1228 3897 1298 3932 nme

347 3966 380 3999 on
407 3951 449 3999 ibe
478 3952 538 4000 arth
565 3951 630 4012 July
652 3955 716 4011 ⁷5⁸3
749 3952 810 4000 Sar.
836 3951 1003 4011 yearaatbat
1020 3950 1142 3999 inwbich
1154 3951 1299 4002 Beornraed

348 4022 440 4071 Chron.
476 4022 576 4070 Simeon
595 4022 658 4069 calls
676 4021 718 4068 the
737 4035 810 4069 name
835 4021 947 4081 usurped
968 4021 1011 4070 the
1033 4022 1130 4081 throne,
1159 4025 1217 4072 756.
1251 4023 1300 4072 See

347 4091 376 4141 of
383 4093 425 4141 the
437 4092 510 4153 piace
521 4093 528 4119 ‘
538 4090 634 4139 Mecbil
647 4091 810 4152 Wongtune.'
835 4091 927 4151 belom
937 4090 970 4138 ad
981 4106 1023 4140 an.
1036 4095 1093 4140 ⁷⁰9.

380 4161 568 4211 ⁴Atiaelaoldaa
586 4161 683 4222 Mella]
703 4160 809 4208 Malma·
868 4157 879 4188 ⁷
898 4159 958 4223 Offa
979 4161 1060 4224 daea]
1080 4160 1127 4208 See
1150 4160 1217 4209 offa
1237 4161 1300 4219 vita,

346 4233 409 4293 bury
421 4236 500 4281 states
516 4231 571 4279 that
587 4231 618 4279 be
636 4231 740 4292 reigned
757 4231 808 4279 eie·
834 4230 860 4277 in
879 4230 943 4280 calo.
957 4230 1050 4280 Matth.
1063 4229 1148 4292 Paria,
1162 4230 1203 4283 ed.
1216 4230 1300 4286 Wata.

345 4317 392 4351 ven
409 4316 482 4363 years
488 4316 497 4363 ;
514 4302 560 4349 but
578 4301 619 4348 tho
639 4301 700 4349 Sax.
712 4299 806 4350 Chron.
832 4315 857 4360 p.
873 4303 911 4348 ll.
