3000 5004
351 468 415 534 178
603 482 736 530 noonru
762 482 808 529 nn
832 482 1037 530 wunnovnn

352 640 469 722 coepit,
492 638 552 702 sed
578 640 668 703 inter
700 637 849 702 eundum
875 645 998 720 captus
1022 645 1074 701 est
1097 646 1131 701 et
1154 637 1303 701 vinculis

352 738 570 821 mancipatus
601 736 798 820 aquodam
825 736 965 801 consule
990 738 1082 818 regis
1110 733 1304 801 Athelredi.

353 837 457 900 Miles
488 845 604 902 eutem
633 837 692 900 ille
720 837 857 901 vinctus
889 835 1030 900 fratrem
1064 835 1186 899 habuit
1215 836 1304 899 beno

353 935 563 1017 religiosum,
585 933 752 999 ‘Tunne'
774 942 948 1012 vocatum,
970 935 1031 1018 qui
1055 954 1134 998 cum
1160 933 1303 998 fratrem

353 1054 480 1098 caeuum
514 1035 550 1099 in
579 1034 671 1098 bello
701 1034 848 1117 praefato
877 1035 1110 1116 cognovisset,
1136 1033 1234 1098 venit
1263 1040 1304 1096 ut

353 1141 524 1216 quaereret
554 1134 584 1196 si
615 1133 733 1198 fratris
765 1152 890 1215 corpus
926 1133 1082 1197 invenire
1111 1132 1303 1210 valuissem

353 1233 600 1316 inventumque
631 1233 737 1297 alium
772 1231 871 1296 fratri
913 1231 1124 1295 simillimum
1158 1230 1306 1295 credidit

354 1332 496 1396 fratrem
522 1351 610 1409 esse,
631 1351 733 1414 quom
764 1331 808 1394 ad
837 1331 1083 1395 monasterium
1115 1349 1216 1394 suum
1244 1329 1305 1393 de·

354 1430 469 1494 ferens
491 1429 677 1498 honorilice
696 1429 866 1513 sepelivit,
888 1449 952 1512 pro
975 1430 1075 1513 cujus
1095 1430 1220 1493 animm
1245 1430 1306 1492 ab·

355 1529 527 1593 solutione
555 1529 683 1612 eaepiue
709 1529 834 1592 missas
859 1528 1025 1593 celebrari
1053 1527 1146 1594 fecit.
1199 1528 1304 1591 Tem-

355 1647 439 1709 pore
453 1646 548 1703 vero,
570 1646 640 1709 quo
657 1628 764 1691 irater
783 1647 846 1709 pro
863 1627 970 1692 fratre
991 1627 1117 1691 missas
1138 1626 1305 1691 celebrari

354 1725 449 1802 iecit,
464 1726 689 1790 solvebantur
703 1726 844 1790 vincula
859 1725 977 1790 fratris
993 1727 1142 1790 viventis
1162 1745 1225 1790 nec
1241 1726 1305 1789 ali·

355 1842 426 1906 quo
448 1824 564 1906 potuit
591 1824 739 1887 retineri.
792 1824 924 1889 Consul
948 1824 1056 1906 igitur
1077 1824 1198 1890 videus
1225 1844 1305 1888 eum

355 1922 568 2004 impossibile
603 1922 750 1986 vinculis
786 1923 950 2000 cohiberi,
986 1923 1173 1988 adductum
1210 1923 1304 1987 Lon·

355 2020 477 2084 ‹lonias
500 2021 635 2084 crudam
649 2020 803 2086 vendidit
826 2022 982 2086 Fresoni.
1036 2022 1144 2087 Freso
1166 2041 1305 2105 quoque

355 2119 445 2183 idem
473 2121 698 2202 comperiens,
730 2121 865 2203 accepit
897 2123 941 2185 eb
969 2139 1011 2186 co
1036 2121 1303 2203 redemptionem

355 2237 460 2299 quam
477 2218 619 2284 dederat
639 2238 702 2302 pro
724 2238 777 2297 eo,
791 2226 827 2284 et
844 2220 987 2284 militem
1012 2221 1107 2285 abire
1128 2221 1304 2303 permisit3

356 2336 503 2401 cumque
522 2318 565 2382 ed
585 2319 733 2401 patriam
759 2338 858 2382 suem
875 2319 1017 2382 veniens
1032 2319 1132 2383 fratri
1152 2326 1188 2383 ct
1211 2339 1306 2384 com·

355 2417 625 2498 provincialibus
648 2436 720 2480 rem
748 2425 883 2500 gestam
912 2417 1098 2494 retulisset,
1124 2417 1225 2482 multi
1247 2436 1305 2482 ac·

356 2516 449 2578 censi
473 2524 555 2578 sunt
583 2515 627 2578 ad
651 2515 843 2580 offerendas
865 2517 941 2581 Deo
973 2516 1101 2600 saepius
1130 2517 1304 2595 victimae,

355 2612 590 2697 eleemosynas
623 2632 760 2695 quoque
791 2622 827 2678 ot
855 2615 1031 2680 orationes
1062 2616 1215 2697 agendas
1240 2636 1305 2699 pro

355 2712 530 2793 ereptione
558 2731 688 2790 eorum,
721 2714 781 2796 qui
814 2713 857 2777 de
895 2715 1024 2779 eaeculo
1057 2715 1305 2796 migraverunt.

355 2808 436 2873 Hoc
465 2818 581 2874 autem
607 2811 821 2890 miraculum,
849 2814 932 2894 quia
960 2814 996 2876 in
1013 2814 1161 2877 veritate
1184 2832 1304 2877 verum

354 2927 430 2971 esse
458 2911 620 2992 comperi,
653 2910 807 2975 historiae
835 2919 964 2976 uostrae
992 2912 1122 2977 credidi
1152 2912 1306 2978 inseren-

353 3006 445 3071 dum.

393 3149 549 3233 Defuncto
564 3146 664 3211 Ilotto
679 3148 815 3232 apocope
829 3147 987 3212 Jolounec
1000 3148 1262 3233 Haedualdemo

583 3245 711 3312 moletia
719 3246 923 3330 praelatum
937 3247 1077 3332 amoepit.

192 3405 303 3446 ,mm
404 3366 508 3434 Anno
528 3369 652 3452 gratiae
673 3385 882 3433 ucuxxxvr.
906 3362 1047 3434 ¹Conon
1067 3370 1157 3435 sedit
1179 3371 1303 3438 Romae

191 3458 331 3508 ⁰⁰³⁰¹¹¹³⁰l⁰·
352 3468 527 3533 mensibus
560 3468 729 3532 undecim.
782 3468 913 3532 Eodem
942 3476 1108 3551 tempore,
1141 3468 1304 3538 defuncto

353 3565 461 3629 Eatta
475 3568 651 3649 episcopo,
667 3560 707 3630 ²J
711 3566 863 3630 ohannes
877 3568 931 3632 vir
950 3576 1092 3632 sanctus
1110 3568 1305 3651 Hagustal-

192 3677 307 3740 nooot,
351 3663 468 3726 densis
482 3665 637 3727 ecclesiae
649 3665 873 3745 praesulatum
883 3667 1047 3749 suscepit.
1070 3667 1200 3732 Eodem
1210 3687 1303 3734 auno

190 3727 308 3839 {lfflffl
352 3754 570 3838 ³Lotharius,
582 3782 643 3824 rex
658 3761 956 3842 Kentensis,dicm
972 3765 1098 3830 clausit
1108 3776 1303 3831 extremum

192 3841 258 3881 lient.

390 3919 515 3983 Μυκη]
533 3920 575 3968 lle
586 3920 646 3969 died
658 3926 688 3970 21
702 3922 814 3983 Septem·
839 3939 917 3986 γους
937 3924 969 3973 he
987 3923 1047 3973 died
1069 3926 1095 3973 in
1110 3928 1176 3988 7213
1201 3927 1240 3976 lor
1262 3929 1304 3979 hie

353 3987 406 4049 ber,
418 3989 443 4036 in
455 3988 497 4037 the
508 3989 637 4053 following
649 4004 718 4051 year.
838 3994 952 4075 lile-aud
972 3994 1098 4058 miracles,
1117 4009 1160 4045 see
1178 3997 1237 4046 Act.
1257 3998 1303 4048 SS.

386 4122 531 4176 ’Jolmnm
554 4128 593 4176 eir
611 4125 733 4196 cunctae]
771 4131 813 4179 He
839 4065 1052 4195 Mfflladltlrgridtl‘s]
1065 4131 1303 4185 TheSuxonChro-

350 4211 405 4244 wae
423 4198 560 4246 translated
580 4205 605 4247 to
624 4199 693 4247 l'ork
717 4215 749 4248 ou
771 4200 812 4249 the
837 4202 902 4249 niele
914 4202 1000 4262 places
1012 4201 1052 4250 hie
1064 4201 1141 4251 death
1152 4203 1179 4251 iu
1191 4204 1232 4254 the
1244 4221 1301 4267 pre·

349 4265 425 4314 death
443 4265 472 4316 ol
492 4266 559 4317 Boea
577 4270 602 4317 in
620 4267 661 4317 the
679 4269 809 4331 following
838 4271 909 4319 vioue
922 4285 991 4332 year.
