3000 5004
347 462 413 529 238
605 477 739 526 nocnru
764 476 811 523 ns
835 475 1040 524 wnunovnn

349 654 424 697 rum
450 633 749 716 archiepiscopatu
775 632 940 714 insignire
966 631 1143 695 affectans.
1199 629 1302 694 Misit

348 734 456 815 igitur
470 727 528 796 ¹ad
553 752 679 815 papam
698 731 889 795 Adrianum
914 732 1066 807 nuntioS,
1087 731 1232 813 exigens
1255 731 1301 794 ab

349 852 402 909 eo,
425 841 465 896 ut
492 832 599 914 pallio
621 830 815 908 Aldulsnm,
844 830 1136 895 Lichefeldensem
1165 831 1301 913 episco-

348 951 443 1014 pum,
473 938 595 995 contra
625 951 754 995 morem
781 937 936 994 veterum
969 929 1164 1012 insigniret,
1192 938 1301 1011 atque

348 1050 467 1095 omnes
484 1031 582 1112 regni
603 1030 658 1093 sui
681 1030 862 1113 episcopos
879 1030 911 1093 ei
934 1029 1149 1114 subjugaret.
1203 1028 1299 1093 Nam

349 1131 591 1194 verisimilibus
607 1129 834 1212 apostolicum
852 1130 1065 1211 argumentis
1081 1138 1154 1193 tam
1173 1128 1233 1192 diu
1247 1129 1301 1193 so-

349 1230 534 1311 tigaverot,
558 1229 650 1293 sicut
663 1248 727 1311 pro
742 1228 848 1292 variis
872 1227 1157 1310 occupationibus
1181 1227 1225 1293 de
1247 1228 1302 1292 sa·

349 1328 406 1393 cili
425 1329 575 1393 Romani
597 1328 777 1411 pontifices
800 1327 986 1392 trahuntur
1012 1326 1057 1392 ud
1079 1347 1301 1405 consensum,

348 1428 499 1492 obtinuit
524 1427 617 1509 quod
646 1429 800 1510 petebat,
824 1434 864 1491 ut
887 1426 1050 1491 videlicet
1074 1446 1193 1491 omnes
1217 1446 1301 1511 pro·

348 1528 472 1592 vincite
493 1526 584 1608 [scil.
598 1525 794 1609 pontifices]
812 1525 1021 1590 Merciorum
1046 1526 1301 1611 subjicerentur

349 1625 731 1709 episcoposuprsdicto,
740 1644 885 1708 quorum
901 1625 1040 1689 nomina
1050 1625 1124 1690 lraec
1136 1625 1299 1705 fuerunt3

350 1724 578 1801 Denebertus,
593 1724 847 1806 wigorniensis
863 1725 1058 1807 episeopus,
1073 1724 1300 1790 Werebertus

351 1824 664 1906 Legeocestrensis,
676 1823 845 1888 Eadnlfus
858 1823 1138 1902 Sinecestrensis,
1147 1823 1301 1890 Wlwar-

349 1924 414 1987 dus
441 1921 732 2001 Herefordensis;
757 1923 910 2006 episcopi
928 1923 1148 1987 orientalium
1164 1922 1302 2006 Anglo-

349 2043 439 2100 rum,
480 2023 661 2107 Hyruldns
700 2022 992 2099 Helmhamensis,
1032 2031 1069 2087 et
1096 2021 1301 2088 Tidferthus

349 2123 626 2188 Dommueensis.
644 2122 900 2187 Remansernnt
911 2130 1028 2186 antem
1039 2123 1302 2207 archiepiscopo

350 2222 606 2299 Cantusriensi,
645 2223 829 2305 episcopus
862 2221 1127 2301 londoniensis,
1159 2222 1301 2288 Winte-

350 2324 479 2400 uensis,
505 2321 692 2398 Roffensis,
714 2321 1001 2386 Scirebumensis.
1052 2321 1158 2387 Stetit
1181 2329 1300 2387 autem

350 2421 425 2485 hoec
463 2423 556 2504 regis
583 2421 750 2486 violentia
781 2429 856 2486 toto
885 2420 1059 2485 Jainberti
1089 2421 1300 2506 praesulatus

349 2529 516 2603 tempore,
535 2521 694 2603 quamvis
721 2521 810 2585 idem
838 2521 1116 2604 archiepiscopus
1142 2521 1229 2586 nihil
1245 2521 1302 2587 vel

350 2620 546 2702 sumptibus
577 2619 632 2683 vel
668 2619 843 2685 laboribus
877 2621 1061 2698 omisisset,
1092 2641 1162 2704 quo
1196 2621 1300 2704 [non]

351 2720 525 2783 amitteret
542 2719 723 2801 pristinam
741 2719 956 2801 dignitatem.

466 2889 622 2977 Aldulsus
638 2890 884 2975 archiepiscopus
891 2887 1032 2974 pallium
1046 2891 1188 2974 sucepit.

402 3014 506 3080 Anno
540 3015 682 3079 Domini
711 3028 884 3076 nccnxvl.
909 3004 1103 3090 'Aldulsus
1130 3013 1304 3079 Liehesel·

352 3115 468 3178 densis
492 3113 784 3197 archiepiscopus,
807 3112 951 3195 pallium
981 3113 1147 3195 suscepit,
1166 3121 1203 3178 et
1225 3115 1303 3179 Fri-

352 3214 542 3292 thebertuS,
559 3212 855 3296 Hagustaldensis
870 3212 1066 3295 episcopus,
1080 3213 1177 3277 obiit.

403 3312 507 3379 Anno
534 3314 676 3379 Domini
702 3312 1072 3394 nccnxw1.Egberto,
1092 3312 1305 3378 Eboracensi

352 3413 612 3497 archiepiscopo
622 3405 1018 3487 defuncto,³Eanbaldus
1026 3413 1205 3476 successit.
1230 3414 1305 3478 Iste

351 3521 405 3577 est
432 3514 645 3590 Eanbaldns,
671 3514 731 3595 qui
759 3531 837 3576 cum
866 3509 1093 3589 Athelhardo,
1117 3511 1304 3577 Cantuari-

387 3769 393 3798 ¹
407 3771 448 3819 Au
464 3787 552 3835 papam
571 3771 731 3834 Adsiduum]
752 3770 814 3819 This
840 3769 928 3830 mund,
945 3784 974 3817 or
985 3768 1121 3830 Alcmund,
1133 3783 1189 3818 was
1205 3770 1304 3821 elected

352 3842 374 3889 is
394 3841 518 3890 sufficient
534 3847 559 3890 to
576 3856 653 3903 prove
671 3841 726 3889 that
738 3841 814 3888 Wen-
839 3841 865 3888 in
885 3843 943 3900 tot,
960 3838 1011 3888 and
1033 3839 1195 3888 consecrated
1210 3856 1245 3890 on
1261 3841 1304 3890 the

351 3910 428 3960 dover
449 3912 496 3960 bus
517 3912 644 3972 evidently
667 3910 813 3959 unte-deted
839 3910 898 3959 seth
910 3909 985 3970 April
996 3912 1053 3957 768.
1076 3908 1133 3958 liic.
1145 3908 1303 3973 Hugnstuld.

350 3981 392 4030 the
404 3982 508 4031 mission
516 3982 545 4030 ol
552 3981 613 4031 offa
621 3981 763 4042 respecting
771 3981 813 4029 the
872 3975 1069 4038 ’EonbnldunJ
1098 3979 1171 4028 from
1196 3981 1304 4030 Mulms·

350 4067 393 4101 see
415 4053 444 4101 os
464 4052 595 4101 Lichfield.
644 4051 669 4099 lt
691 4050 812 4112 probably
838 4049 912 4110 bury,
930 4050 962 4097 de
984 4048 1057 4099 Gest.
1077 4049 1172 4098 Pontii.
1194 4066 1221 4112 p.
1245 4055 1304 4111 26⁹,

349 4122 408 4171 took
420 4123 494 4184 place
504 4122 569 4172 ester
579 4125 636 4171 ⁷80.
838 4119 896 4169 who
912 4120 975 4168 cites
991 4133 1008 4167 a
1026 4132 1135 4180 passage
1152 4119 1178 4168 in
1196 4134 1212 4169 e
1229 4121 1303 4170 letter

384 4188 544 4261 Miletius]
564 4193 605 4240 He
621 4190 681 4240 died
695 4190 737 4238 the
749 4189 810 4238 tlrd
837 4188 865 4237 of
880 4189 974 4237 Alcuin
989 4193 1015 4236 to
1026 4188 1183 4238 Aethelbenl
1200 4190 1225 4240 in
1243 4206 1304 4254 sup·

349 4260 425 4323 Dee,
446 4264 496 4312 sud
518 4263 558 4311 bis
580 4275 720 4320 successor,
748 4258 812 4308 Alb·
836 4264 892 4319 port
903 4259 933 4306 ol
940 4260 980 4308 bis
990 4259 1100 4320 opinion.
