<?xml version="1.0" encoding="UTF-8"?>
<!DOCTYPE html PUBLIC "-//W3C//DTD XHTML 1.0 Transitional//EN"
    "http://www.w3.org/TR/xhtml1/DTD/xhtml1-transitional.dtd">
<html xmlns="http://www.w3.org/1999/xhtml" xml:lang="en" lang="en">
 <head>
  <title>
</title>
<meta http-equiv="Content-Type" content="text/html;charset=utf-8" />
  <meta name='ocr-system' content='tesseract 3.04.00' />
  <meta name='ocr-capabilities' content='ocr_page ocr_carea ocr_par ocr_line ocrx_word'/>
</head>
<body>
  <div class='ocr_page' id='page_1' title='image "./rogeridewendove05rogegoog_0474.png"; bbox 0 0 3000 5004; ppageno 0'>
   <div class='ocr_carea' id='block_1_1' title="bbox 463 462 1153 525">
    <p class='ocr_par' dir='ltr' id='par_1_1' title="bbox 463 462 1153 525">
     <span class='ocr_line' id='line_1_1' title="bbox 463 462 1153 525; baseline 0.007 -5"><span class='ocrx_word' id='word_1_1' title='bbox 463 474 601 522; x_wconf 74' lang='lat' dir='ltr'><strong>neonus</strong></span> <span class='ocrx_word' id='word_1_2' title='bbox 625 474 894 523; x_wconf 78' lang='lat' dir='ltr'><strong>ursronmuuu.</strong></span> <span class='ocrx_word' id='word_1_3' title='bbox 1087 462 1153 525; x_wconf 72' lang='lat'><strong>429</strong></span> 
     </span>
    </p>
   </div>
   <div class='ocr_carea' id='block_1_2' title="bbox 201 629 1287 1500">
    <p class='ocr_par' dir='ltr' id='par_1_2' title="bbox 202 629 1287 1107">
     <span class='ocr_line' id='line_1_2' title="bbox 202 629 1282 712; baseline 0.001 -17"><span class='ocrx_word' id='word_1_4' title='bbox 202 651 277 696; x_wconf 89' lang='lat' dir='ltr'><strong>rnm</strong></span> <span class='ocrx_word' id='word_1_5' title='bbox 310 649 455 693; x_wconf 84' lang='lat' dir='ltr'><strong>acervus</strong></span> <span class='ocrx_word' id='word_1_6' title='bbox 480 630 751 710; x_wconf 80' lang='lat' dir='ltr'><strong>Bononburgnm</strong></span> <span class='ocrx_word' id='word_1_7' title='bbox 774 629 878 711; x_wconf 78' lang='lat' dir='ltr'><strong>fregit</strong></span> <span class='ocrx_word' id='word_1_8' title='bbox 909 638 945 694; x_wconf 91' lang='lat' dir='ltr'><strong>et</strong></span> <span class='ocrx_word' id='word_1_9' title='bbox 974 631 1150 712; x_wconf 82' lang='lat' dir='ltr'><strong>spoliavit,</strong></span> <span class='ocrx_word' id='word_1_10' title='bbox 1164 656 1282 705; x_wconf 55' lang='lat' dir='ltr'><strong>vinoun</strong></span> 
     </span>
     <span class='ocr_line' id='line_1_3' title="bbox 203 707 1287 809; baseline 0 -15"><span class='ocrx_word' id='word_1_11' title='bbox 203 729 561 794; x_wconf 82' lang='lat' dir='ltr'><strong>Northonhumbriam</strong></span> <span class='ocrx_word' id='word_1_12' title='bbox 604 736 639 791; x_wconf 90' lang='lat' dir='ltr'><strong>et</strong></span> <span class='ocrx_word' id='word_1_13' title='bbox 677 727 894 791; x_wconf 83' lang='lat' dir='ltr'><strong>Lindeseiam</strong></span> <span class='ocrx_word' id='word_1_14' title='bbox 932 728 1149 809; x_wconf 79' lang='lat' dir='ltr'><strong>devastavit3</strong></span> <span class='ocrx_word' id='word_1_15' title='bbox 1163 707 1287 747; x_wconf 57' lang='lat'><strong>‘&#39;¹⁰⁰⁰“</strong></span> 
     </span>
     <span class='ocr_line' id='line_1_4' title="bbox 204 827 1152 909; baseline 0.001 -17"><span class='ocrx_word' id='word_1_16' title='bbox 204 837 327 893; x_wconf 80' lang='lat' dir='ltr'><strong>contre</strong></span> <span class='ocrx_word' id='word_1_17' title='bbox 363 846 451 909; x_wconf 91' lang='lat' dir='ltr'><strong>quos</strong></span> <span class='ocrx_word' id='word_1_18' title='bbox 486 846 564 890; x_wconf 92' lang='lat' dir='ltr'><strong>cum</strong></span> <span class='ocrx_word' id='word_1_19' title='bbox 591 827 821 908; x_wconf 82' lang='lat' dir='ltr'><strong>provinciales</strong></span> <span class='ocrx_word' id='word_1_20' title='bbox 851 827 1007 909; x_wconf 87' lang='lat' dir='ltr'><strong>praelium</strong></span> <span class='ocrx_word' id='word_1_21' title='bbox 1036 837 1152 893; x_wconf 80' lang='lat' dir='ltr'><strong>essent</strong></span> 
     </span>
     <span class='ocr_line' id='line_1_5' title="bbox 204 925 1151 1001; baseline 0 -11"><span class='ocrx_word' id='word_1_22' title='bbox 204 926 431 1001; x_wconf 77' lang='lat' dir='ltr'><strong>commissuri,</strong></span> <span class='ocrx_word' id='word_1_23' title='bbox 463 925 568 988; x_wconf 88' lang='lat' dir='ltr'><strong>duces</strong></span> <span class='ocrx_word' id='word_1_24' title='bbox 601 926 775 988; x_wconf 85' lang='lat' dir='ltr'><strong>exercitus</strong></span> <span class='ocrx_word' id='word_1_25' title='bbox 804 925 917 988; x_wconf 83' lang='lat' dir='ltr'><strong>Frone</strong></span> <span class='ocrx_word' id='word_1_26' title='bbox 949 934 985 989; x_wconf 91' lang='lat' dir='ltr'><strong>et</strong></span> <span class='ocrx_word' id='word_1_27' title='bbox 1015 927 1151 990; x_wconf 86' lang='lat' dir='ltr'><strong>Frithe·</strong></span> 
     </span>
     <span class='ocr_line' id='line_1_6' title="bbox 202 1023 1153 1107; baseline 0 -20"><span class='ocrx_word' id='word_1_28' title='bbox 202 1026 327 1106; x_wconf 80' lang='lat' dir='ltr'><strong>gistus,</strong></span> <span class='ocrx_word' id='word_1_29' title='bbox 343 1024 445 1086; x_wconf 88' lang='lat' dir='ltr'><strong>simul</strong></span> <span class='ocrx_word' id='word_1_30' title='bbox 468 1032 504 1087; x_wconf 88' lang='lat' dir='ltr'><strong>et</strong></span> <span class='ocrx_word' id='word_1_31' title='bbox 519 1023 725 1099; x_wconf 87' lang='lat' dir='ltr'><strong>Godwinus,</strong></span> <span class='ocrx_word' id='word_1_32' title='bbox 743 1024 825 1104; x_wconf 88' lang='lat' dir='ltr'><strong>quia</strong></span> <span class='ocrx_word' id='word_1_33' title='bbox 848 1043 893 1086; x_wconf 87' lang='lat' dir='ltr'><strong>ex</strong></span> <span class='ocrx_word' id='word_1_34' title='bbox 912 1024 1047 1087; x_wconf 81' lang='lat' dir='ltr'><strong>Donico</strong></span> <span class='ocrx_word' id='word_1_35' title='bbox 1072 1045 1153 1107; x_wconf 91' lang='lat' dir='ltr'><strong>pro·</strong></span> 
     </span>
    </p>

    <p class='ocr_par' dir='ltr' id='par_1_3' title="bbox 201 1122 1153 1204">
     <span class='ocr_line' id='line_1_7' title="bbox 201 1122 1153 1204; baseline 0 -18"><span class='ocrx_word' id='word_1_36' title='bbox 201 1125 302 1204; x_wconf 79' lang='lat' dir='ltr'><strong>genie</strong></span> <span class='ocrx_word' id='word_1_37' title='bbox 324 1122 399 1186; x_wconf 84' lang='lat' dir='ltr'><strong>neti</strong></span> <span class='ocrx_word' id='word_1_38' title='bbox 423 1122 574 1197; x_wconf 83' lang='lat' dir='ltr'><strong>fuerunt,</strong></span> <span class='ocrx_word' id='word_1_39' title='bbox 602 1122 674 1184; x_wconf 88' lang='lat' dir='ltr'><strong>suis</strong></span> <span class='ocrx_word' id='word_1_40' title='bbox 698 1122 840 1184; x_wconf 86' lang='lat' dir='ltr'><strong>insidias</strong></span> <span class='ocrx_word' id='word_1_41' title='bbox 866 1130 1041 1203; x_wconf 79' lang='lat' dir='ltr'><strong>parantes,</strong></span> <span class='ocrx_word' id='word_1_42' title='bbox 1070 1142 1153 1186; x_wconf 83' lang='lat' dir='ltr'><strong>ouc-</strong></span> 
     </span>
    </p>

    <p class='ocr_par' dir='ltr' id='par_1_4' title="bbox 203 1219 1154 1500">
     <span class='ocr_line' id='line_1_8' title="bbox 203 1219 1154 1303; baseline 0 -19"><span class='ocrx_word' id='word_1_43' title='bbox 203 1230 296 1285; x_wconf 85' lang='lat' dir='ltr'><strong>tores</strong></span> <span class='ocrx_word' id='word_1_44' title='bbox 324 1221 418 1302; x_wconf 82' lang='lat' dir='ltr'><strong>sugae</strong></span> <span class='ocrx_word' id='word_1_45' title='bbox 450 1221 608 1302; x_wconf 88' lang='lat' dir='ltr'><strong>primitus</strong></span> <span class='ocrx_word' id='word_1_46' title='bbox 637 1221 857 1283; x_wconf 83' lang='lat' dir='ltr'><strong>exstiterunt.</strong></span> <span class='ocrx_word' id='word_1_47' title='bbox 911 1219 992 1283; x_wconf 92' lang='lat' dir='ltr'><strong>Hoc</strong></span> <span class='ocrx_word' id='word_1_48' title='bbox 1016 1240 1154 1303; x_wconf 91' lang='lat' dir='ltr'><strong>quoque</strong></span> 
     </span>
     <span class='ocr_line' id='line_1_9' title="bbox 204 1316 1154 1402; baseline 0 -20"><span class='ocrx_word' id='word_1_49' title='bbox 204 1338 308 1396; x_wconf 81' lang='lat' dir='ltr'><strong>anno,</strong></span> <span class='ocrx_word' id='word_1_50' title='bbox 335 1319 439 1402; x_wconf 86' lang='lat' dir='ltr'><strong>jussu</strong></span> <span class='ocrx_word' id='word_1_51' title='bbox 467 1320 560 1400; x_wconf 85' lang='lat' dir='ltr'><strong>regis</strong></span> <span class='ocrx_word' id='word_1_52' title='bbox 588 1318 776 1393; x_wconf 85' lang='lat' dir='ltr'><strong>Ethelredi,</strong></span> <span class='ocrx_word' id='word_1_53' title='bbox 802 1316 968 1399; x_wconf 79' lang='lat' dir='ltr'><strong>Algams,</strong></span> <span class='ocrx_word' id='word_1_54' title='bbox 997 1320 1154 1400; x_wconf 87' lang='lat' dir='ltr'><strong>praedicti</strong></span> 
     </span>
     <span class='ocr_line' id='line_1_10' title="bbox 203 1409 1119 1500; baseline 0 -20"><span class='ocrx_word' id='word_1_55' title='bbox 203 1416 326 1481; x_wconf 81' lang='lat' dir='ltr'><strong>Alfrici</strong></span> <span class='ocrx_word' id='word_1_56' title='bbox 343 1417 529 1500; x_wconf 87' lang='lat' dir='ltr'><strong>proditoris</strong></span> <span class='ocrx_word' id='word_1_57' title='bbox 545 1417 648 1493; x_wconf 76' lang='lat' dir='ltr'><strong>filine,</strong></span> <span class='ocrx_word' id='word_1_58' title='bbox 666 1409 869 1479; x_wconf 87' lang='lat' dir='ltr'><strong>¹luminibus</strong></span> <span class='ocrx_word' id='word_1_59' title='bbox 883 1426 936 1481; x_wconf 89' lang='lat' dir='ltr'><strong>est</strong></span> <span class='ocrx_word' id='word_1_60' title='bbox 950 1415 1119 1499; x_wconf 72' lang='lat' dir='ltr'><strong>privatus</strong></span> 
     </span>
    </p>
   </div>
   <div class='ocr_carea' id='block_1_3' title="bbox 418 1620 945 1716">
    <p class='ocr_par' dir='ltr' id='par_1_5' title="bbox 418 1620 945 1716">
     <span class='ocr_line' id='line_1_11' title="bbox 418 1620 945 1716; baseline 0.004 -22"><span class='ocrx_word' id='word_1_61' title='bbox 418 1632 468 1694; x_wconf 80' lang='lat' dir='ltr'><strong>De</strong></span> <span class='ocrx_word' id='word_1_62' title='bbox 480 1631 575 1716; x_wconf 71' lang='lat' dir='ltr'><strong>praei</strong></span> <span class='ocrx_word' id='word_1_63' title='bbox 592 1629 706 1694; x_wconf 79' lang='lat' dir='ltr'><strong>tributo</strong></span> <span class='ocrx_word' id='word_1_64' title='bbox 720 1632 826 1695; x_wconf 78' lang='lat' dir='ltr'><strong>Douie</strong></span> <span class='ocrx_word' id='word_1_65' title='bbox 839 1620 945 1696; x_wconf 79' lang='lat' dir='ltr'><strong>soluto.</strong></span> 
     </span>
    </p>
   </div>
   <div class='ocr_carea' id='block_1_4' title="bbox 206 1748 1304 3607">
    <p class='ocr_par' dir='ltr' id='par_1_6' title="bbox 206 1748 1304 2622">
     <span class='ocr_line' id='line_1_12' title="bbox 256 1748 1278 1820; baseline -0.001 -3"><span class='ocrx_word' id='word_1_66' title='bbox 256 1753 360 1818; x_wconf 83' lang='lat' dir='ltr'><strong>Anno</strong></span> <span class='ocrx_word' id='word_1_67' title='bbox 382 1753 523 1817; x_wconf 89' lang='lat' dir='ltr'><strong>Domini</strong></span> <span class='ocrx_word' id='word_1_68' title='bbox 542 1769 754 1816; x_wconf 84' lang='lat' dir='ltr'><strong>Dccccxclv.</strong></span> <span class='ocrx_word' id='word_1_69' title='bbox 773 1748 929 1818; x_wconf 76' lang='lat' dir='ltr'><strong>²Suunus</strong></span> <span class='ocrx_word' id='word_1_70' title='bbox 955 1775 1017 1819; x_wconf 84' lang='lat' dir='ltr'><strong>rex</strong></span> <span class='ocrx_word' id='word_1_71' title='bbox 1035 1755 1155 1820; x_wconf 82' lang='lat' dir='ltr'><strong>Dano—</strong></span> <span class='ocrx_word' id='word_1_72' title='bbox 1169 1779 1278 1819; x_wconf 62' lang='lat' dir='ltr'><strong>numu</strong></span> 
     </span>
     <span class='ocr_line' id='line_1_13' title="bbox 207 1830 1304 1934; baseline 0.003 -19"><span class='ocrx_word' id='word_1_73' title='bbox 207 1872 282 1915; x_wconf 90' lang='lat' dir='ltr'><strong>rum</strong></span> <span class='ocrx_word' id='word_1_74' title='bbox 305 1861 340 1916; x_wconf 93' lang='lat' dir='ltr'><strong>et</strong></span> <span class='ocrx_word' id='word_1_75' title='bbox 355 1851 503 1915; x_wconf 82' lang='lat' dir='ltr'><strong>Aniasus</strong></span> <span class='ocrx_word' id='word_1_76' title='bbox 529 1872 592 1915; x_wconf 81' lang='lat' dir='ltr'><strong>rex</strong></span> <span class='ocrx_word' id='word_1_77' title='bbox 610 1851 909 1934; x_wconf 84' lang='lat' dir='ltr'><strong>Norwegensium,</strong></span> <span class='ocrx_word' id='word_1_78' title='bbox 928 1854 963 1917; x_wconf 92' lang='lat' dir='ltr'><strong>in</strong></span> <span class='ocrx_word' id='word_1_79' title='bbox 987 1855 1041 1917; x_wconf 92' lang='lat' dir='ltr'><strong>die</strong></span> <span class='ocrx_word' id='word_1_80' title='bbox 1066 1857 1155 1919; x_wconf 83' lang='lat' dir='ltr'><strong>nati·</strong></span> <span class='ocrx_word' id='word_1_81' title='bbox 1168 1830 1304 1927; x_wconf 49' lang='lat' dir='ltr'><strong>{iiiiii</strong></span> 
     </span>
     <span class='ocr_line' id='line_1_14' title="bbox 206 1929 1239 2034; baseline 0.002 -19"><span class='ocrx_word' id='word_1_82' title='bbox 206 1952 326 2016; x_wconf 84' lang='lat' dir='ltr'><strong>vitatis</strong></span> <span class='ocrx_word' id='word_1_83' title='bbox 350 1953 463 2014; x_wconf 79' lang='lat' dir='ltr'><strong>beatae</strong></span> <span class='ocrx_word' id='word_1_84' title='bbox 490 1950 626 2026; x_wconf 79' lang='lat' dir='ltr'><strong>Mariae,</strong></span> <span class='ocrx_word' id='word_1_85' title='bbox 649 1970 726 2013; x_wconf 92' lang='lat' dir='ltr'><strong>cum</strong></span> <span class='ocrx_word' id='word_1_86' title='bbox 751 1954 941 2032; x_wconf 86' lang='lat' dir='ltr'><strong>cogonibus</strong></span> <span class='ocrx_word' id='word_1_87' title='bbox 966 1953 1156 2034; x_wconf 78' lang='lat' dir='ltr'><strong>nonaginta</strong></span> <span class='ocrx_word' id='word_1_88' title='bbox 1168 1929 1239 1969; x_wconf 55' lang='grc' dir='ltr'><strong>ΑΜ</strong></span> 
     </span>
     <span class='ocr_line' id='line_1_15' title="bbox 207 2048 1156 2132; baseline 0.002 -20"><span class='ocrx_word' id='word_1_89' title='bbox 207 2057 356 2132; x_wconf 83' lang='lat' dir='ltr'><strong>quatuor</strong></span> <span class='ocrx_word' id='word_1_90' title='bbox 372 2048 571 2112; x_wconf 82' lang='lat' dir='ltr'><strong>Londonius</strong></span> <span class='ocrx_word' id='word_1_91' title='bbox 588 2049 818 2130; x_wconf 81' lang='lat' dir='ltr'><strong>advehuntur,</strong></span> <span class='ocrx_word' id='word_1_92' title='bbox 842 2071 944 2132; x_wconf 85' lang='lat' dir='ltr'><strong>quum</strong></span> <span class='ocrx_word' id='word_1_93' title='bbox 967 2071 1050 2114; x_wconf 87' lang='lat' dir='ltr'><strong>mox</strong></span> <span class='ocrx_word' id='word_1_94' title='bbox 1068 2053 1156 2115; x_wconf 85' lang='lat' dir='ltr'><strong>acri-</strong></span> 
     </span>
     <span class='ocr_line' id='line_1_16' title="bbox 206 2148 1157 2230; baseline 0.001 -18"><span class='ocrx_word' id='word_1_95' title='bbox 206 2156 261 2212; x_wconf 89' lang='lat' dir='ltr'><strong>ter</strong></span> <span class='ocrx_word' id='word_1_96' title='bbox 276 2149 491 2224; x_wconf 82' lang='lat' dir='ltr'><strong>invadentes,</strong></span> <span class='ocrx_word' id='word_1_97' title='bbox 507 2166 584 2210; x_wconf 83' lang='lat' dir='ltr'><strong>eom</strong></span> <span class='ocrx_word' id='word_1_98' title='bbox 606 2148 793 2230; x_wconf 84' lang='lat' dir='ltr'><strong>subjugere</strong></span> <span class='ocrx_word' id='word_1_99' title='bbox 813 2148 1000 2230; x_wconf 89' lang='lat' dir='ltr'><strong>disponunt</strong></span> <span class='ocrx_word' id='word_1_100' title='bbox 1016 2169 1025 2228; x_wconf 90' lang='lat'><strong>;</strong></span> <span class='ocrx_word' id='word_1_101' title='bbox 1051 2149 1111 2213; x_wconf 89' lang='lat' dir='ltr'><strong>sed</strong></span> <span class='ocrx_word' id='word_1_102' title='bbox 1134 2170 1157 2213; x_wconf 81' lang='lat' dir='ltr'><strong>a</strong></span> 
     </span>
     <span class='ocr_line' id='line_1_17' title="bbox 207 2247 1156 2329; baseline 0 -19"><span class='ocrx_word' id='word_1_103' title='bbox 207 2247 340 2311; x_wconf 89' lang='lat' dir='ltr'><strong>civibus</strong></span> <span class='ocrx_word' id='word_1_104' title='bbox 366 2266 444 2309; x_wconf 91' lang='lat' dir='ltr'><strong>cum</strong></span> <span class='ocrx_word' id='word_1_105' title='bbox 468 2265 595 2327; x_wconf 77' lang='lat' dir='ltr'><strong>magno</strong></span> <span class='ocrx_word' id='word_1_106' title='bbox 620 2265 762 2309; x_wconf 90' lang='lat' dir='ltr'><strong>suorum</strong></span> <span class='ocrx_word' id='word_1_107' title='bbox 785 2247 990 2311; x_wconf 88' lang='lat' dir='ltr'><strong>detrimento</strong></span> <span class='ocrx_word' id='word_1_108' title='bbox 1016 2247 1156 2329; x_wconf 88' lang='lat' dir='ltr'><strong>repulsi,</strong></span> 
     </span>
     <span class='ocr_line' id='line_1_18' title="bbox 208 2343 1156 2421; baseline 0 -12"><span class='ocrx_word' id='word_1_109' title='bbox 208 2345 251 2409; x_wconf 83' lang='lat' dir='ltr'><strong>ad</strong></span> <span class='ocrx_word' id='word_1_110' title='bbox 270 2345 488 2421; x_wconf 74' lang='lat' dir='ltr'><strong>Boot-sexiae,</strong></span> <span class='ocrx_word' id='word_1_111' title='bbox 501 2343 647 2420; x_wconf 82' lang='lat' dir='ltr'><strong>Contiae,</strong></span> <span class='ocrx_word' id='word_1_112' title='bbox 663 2344 889 2421; x_wconf 82' lang='lat' dir='ltr'><strong>Suth-sexiae,</strong></span> <span class='ocrx_word' id='word_1_113' title='bbox 905 2345 1156 2410; x_wconf 84' lang='lat' dir='ltr'><strong>Suthamtoniae</strong></span> 
     </span>
     <span class='ocr_line' id='line_1_19' title="bbox 207 2443 1155 2527; baseline 0.003 -22"><span class='ocrx_word' id='word_1_114' title='bbox 207 2444 403 2526; x_wconf 81' lang='lat' dir='ltr'><strong>provincias</strong></span> <span class='ocrx_word' id='word_1_115' title='bbox 421 2443 569 2505; x_wconf 90' lang='lat' dir='ltr'><strong>surorem</strong></span> <span class='ocrx_word' id='word_1_116' title='bbox 595 2462 695 2505; x_wconf 85' lang='lat' dir='ltr'><strong>suum</strong></span> <span class='ocrx_word' id='word_1_117' title='bbox 717 2452 969 2521; x_wconf 62' lang='lat' dir='ltr'><strong>convertentes</strong></span> <span class='ocrx_word' id='word_1_118' title='bbox 992 2463 1050 2507; x_wconf 86' lang='lat' dir='ltr'><strong>eas</strong></span> <span class='ocrx_word' id='word_1_119' title='bbox 1075 2465 1155 2527; x_wconf 93' lang='lat' dir='ltr'><strong>spo·</strong></span> 
     </span>
     <span class='ocr_line' id='line_1_20' title="bbox 209 2540 1155 2622; baseline 0.002 -17"><span class='ocrx_word' id='word_1_120' title='bbox 209 2543 394 2618; x_wconf 82' lang='lat' dir='ltr'><strong>liaverunt,</strong></span> <span class='ocrx_word' id='word_1_121' title='bbox 411 2550 446 2604; x_wconf 85' lang='lat' dir='ltr'><strong>et</strong></span> <span class='ocrx_word' id='word_1_122' title='bbox 461 2540 560 2604; x_wconf 85' lang='lat' dir='ltr'><strong>caesis</strong></span> <span class='ocrx_word' id='word_1_123' title='bbox 578 2541 715 2622; x_wconf 90' lang='lat' dir='ltr'><strong>populis</strong></span> <span class='ocrx_word' id='word_1_124' title='bbox 737 2543 891 2622; x_wconf 85' lang='lat' dir='ltr'><strong>graviter</strong></span> <span class='ocrx_word' id='word_1_125' title='bbox 907 2545 1155 2607; x_wconf 88' lang='lat' dir='ltr'><strong>contriverunt.</strong></span> 
     </span>
    </p>

    <p class='ocr_par' dir='ltr' id='par_1_7' title="bbox 209 2639 1159 3607">
     <span class='ocr_line' id='line_1_21' title="bbox 209 2639 1157 2719; baseline 0.001 -15"><span class='ocrx_word' id='word_1_126' title='bbox 209 2640 310 2704; x_wconf 89' lang='lat' dir='ltr'><strong>Tune</strong></span> <span class='ocrx_word' id='word_1_127' title='bbox 334 2660 396 2703; x_wconf 82' lang='lat' dir='ltr'><strong>rex</strong></span> <span class='ocrx_word' id='word_1_128' title='bbox 418 2639 636 2715; x_wconf 87' lang='lat' dir='ltr'><strong>Ethelredus,</strong></span> <span class='ocrx_word' id='word_1_129' title='bbox 654 2640 798 2703; x_wconf 92' lang='lat' dir='ltr'><strong>consilio</strong></span> <span class='ocrx_word' id='word_1_130' title='bbox 823 2661 976 2719; x_wconf 91' lang='lat' dir='ltr'><strong>suorum,</strong></span> <span class='ocrx_word' id='word_1_131' title='bbox 991 2642 1085 2705; x_wconf 87' lang='lat' dir='ltr'><strong>dedit</strong></span> <span class='ocrx_word' id='word_1_132' title='bbox 1108 2643 1157 2705; x_wconf 90' lang='lat' dir='ltr'><strong>eis</strong></span> 
     </span>
     <span class='ocr_line' id='line_1_22' title="bbox 209 2736 1157 2820; baseline 0 -18"><span class='ocrx_word' id='word_1_133' title='bbox 209 2739 410 2820; x_wconf 90' lang='lat' dir='ltr'><strong>pensionem</strong></span> <span class='ocrx_word' id='word_1_134' title='bbox 442 2738 485 2800; x_wconf 89' lang='lat' dir='ltr'><strong>de</strong></span> <span class='ocrx_word' id='word_1_135' title='bbox 523 2745 598 2800; x_wconf 84' lang='lat' dir='ltr'><strong>totu</strong></span> <span class='ocrx_word' id='word_1_136' title='bbox 628 2736 757 2818; x_wconf 80' lang='lat' dir='ltr'><strong>Angliu</strong></span> <span class='ocrx_word' id='word_1_137' title='bbox 793 2740 972 2803; x_wconf 86' lang='lat' dir='ltr'><strong>collectum</strong></span> <span class='ocrx_word' id='word_1_138' title='bbox 1009 2741 1157 2804; x_wconf 86' lang='lat' dir='ltr'><strong>sedecim</strong></span> 
     </span>
     <span class='ocr_line' id='line_1_23' title="bbox 212 2834 1159 2920; baseline 0.002 -20"><span class='ocrx_word' id='word_1_139' title='bbox 212 2834 389 2920; x_wconf 90' lang='lat' dir='ltr'><strong>[millium]</strong></span> <span class='ocrx_word' id='word_1_140' title='bbox 410 2836 587 2913; x_wconf 80' lang='lat' dir='ltr'><strong>librorum,</strong></span> <span class='ocrx_word' id='word_1_141' title='bbox 610 2843 649 2898; x_wconf 93' lang='lat' dir='ltr'><strong>ut</strong></span> <span class='ocrx_word' id='word_1_142' title='bbox 672 2855 693 2898; x_wconf 84' lang='lat' dir='ltr'><strong>e</strong></span> <span class='ocrx_word' id='word_1_143' title='bbox 714 2838 845 2917; x_wconf 79' lang='lat' dir='ltr'><strong>rapinis</strong></span> <span class='ocrx_word' id='word_1_144' title='bbox 869 2847 904 2902; x_wconf 89' lang='lat' dir='ltr'><strong>et</strong></span> <span class='ocrx_word' id='word_1_145' title='bbox 926 2840 1077 2902; x_wconf 88' lang='lat' dir='ltr'><strong>caedibus</strong></span> <span class='ocrx_word' id='word_1_146' title='bbox 1098 2839 1159 2902; x_wconf 91' lang='lat' dir='ltr'><strong>ho-</strong></span> 
     </span>
     <span class='ocr_line' id='line_1_24' title="bbox 209 2935 1157 3013; baseline 0.002 -16"><span class='ocrx_word' id='word_1_147' title='bbox 209 2936 338 2997; x_wconf 92' lang='lat' dir='ltr'><strong>minnm</strong></span> <span class='ocrx_word' id='word_1_148' title='bbox 363 2935 596 2998; x_wconf 90' lang='lat' dir='ltr'><strong>innocentium</strong></span> <span class='ocrx_word' id='word_1_149' title='bbox 621 2943 815 3013; x_wconf 82' lang='lat' dir='ltr'><strong>cessarent3</strong></span> <span class='ocrx_word' id='word_1_150' title='bbox 847 2943 930 2999; x_wconf 91' lang='lat' dir='ltr'><strong>tnnc</strong></span> <span class='ocrx_word' id='word_1_151' title='bbox 952 2956 1014 2999; x_wconf 85' lang='lat' dir='ltr'><strong>rex</strong></span> <span class='ocrx_word' id='word_1_152' title='bbox 1037 2937 1157 2999; x_wconf 86' lang='lat' dir='ltr'><strong>Ethel-</strong></span> 
     </span>
     <span class='ocr_line' id='line_1_25' title="bbox 209 3032 1157 3115; baseline 0 -19"><span class='ocrx_word' id='word_1_153' title='bbox 209 3035 312 3097; x_wconf 89' lang='lat' dir='ltr'><strong>redus</strong></span> <span class='ocrx_word' id='word_1_154' title='bbox 333 3032 505 3114; x_wconf 82' lang='lat' dir='ltr'><strong>Elsegum,</strong></span> <span class='ocrx_word' id='word_1_155' title='bbox 523 3032 799 3097; x_wconf 77' lang='lat' dir='ltr'><strong>wintoniensem</strong></span> <span class='ocrx_word' id='word_1_156' title='bbox 815 3035 1027 3115; x_wconf 91' lang='lat' dir='ltr'><strong>episcopum,</strong></span> <span class='ocrx_word' id='word_1_157' title='bbox 1044 3043 1077 3098; x_wconf 88' lang='lat' dir='ltr'><strong>et</strong></span> <span class='ocrx_word' id='word_1_158' title='bbox 1095 3035 1157 3097; x_wconf 91' lang='lat' dir='ltr'><strong>du·</strong></span> 
     </span>
     <span class='ocr_line' id='line_1_26' title="bbox 209 3130 1157 3211; baseline 0 -15"><span class='ocrx_word' id='word_1_159' title='bbox 209 3151 283 3196; x_wconf 83' lang='lat' dir='ltr'><strong>cern</strong></span> <span class='ocrx_word' id='word_1_160' title='bbox 302 3130 559 3194; x_wconf 83' lang='lat' dir='ltr'><strong>Athelwoldum</strong></span> <span class='ocrx_word' id='word_1_161' title='bbox 582 3130 625 3193; x_wconf 88' lang='lat' dir='ltr'><strong>ad</strong></span> <span class='ocrx_word' id='word_1_162' title='bbox 643 3151 758 3211; x_wconf 83' lang='lat' dir='ltr'><strong>regem</strong></span> <span class='ocrx_word' id='word_1_163' title='bbox 777 3130 943 3195; x_wconf 82' lang='lat' dir='ltr'><strong>Anlusum</strong></span> <span class='ocrx_word' id='word_1_164' title='bbox 958 3132 1157 3210; x_wconf 82' lang='lat' dir='ltr'><strong>destinavit,</strong></span> 
     </span>
     <span class='ocr_line' id='line_1_27' title="bbox 209 3223 1158 3312; baseline 0.002 -19"><span class='ocrx_word' id='word_1_165' title='bbox 209 3250 311 3312; x_wconf 91' lang='lat' dir='ltr'><strong>quem</strong></span> <span class='ocrx_word' id='word_1_166' title='bbox 324 3223 386 3292; x_wconf 80' lang='lat' dir='ltr'><strong>³ad</strong></span> <span class='ocrx_word' id='word_1_167' title='bbox 405 3229 681 3309; x_wconf 83' lang='lat' dir='ltr'><strong>villamregiam,</strong></span> <span class='ocrx_word' id='word_1_168' title='bbox 699 3230 757 3291; x_wconf 91' lang='lat' dir='ltr'><strong>ubi</strong></span> <span class='ocrx_word' id='word_1_169' title='bbox 773 3249 836 3292; x_wconf 89' lang='lat' dir='ltr'><strong>rex</strong></span> <span class='ocrx_word' id='word_1_170' title='bbox 855 3231 1059 3294; x_wconf 90' lang='lat' dir='ltr'><strong>Ethelredus</strong></span> <span class='ocrx_word' id='word_1_171' title='bbox 1076 3240 1158 3295; x_wconf 87' lang='lat' dir='ltr'><strong>tunc</strong></span> 
     </span>
     <span class='ocr_line' id='line_1_28' title="bbox 211 3328 1156 3412; baseline 0.001 -20"><span class='ocrx_word' id='word_1_172' title='bbox 211 3335 298 3405; x_wconf 82' lang='lat' dir='ltr'><strong>eret,</strong></span> <span class='ocrx_word' id='word_1_173' title='bbox 320 3328 462 3410; x_wconf 79' lang='lat' dir='ltr'><strong>pacifice</strong></span> <span class='ocrx_word' id='word_1_174' title='bbox 483 3328 721 3409; x_wconf 88' lang='lat' dir='ltr'><strong>perducentes,</strong></span> <span class='ocrx_word' id='word_1_175' title='bbox 737 3335 772 3390; x_wconf 87' lang='lat' dir='ltr'><strong>et</strong></span> <span class='ocrx_word' id='word_1_176' title='bbox 793 3328 836 3390; x_wconf 86' lang='lat' dir='ltr'><strong>ad</strong></span> <span class='ocrx_word' id='word_1_177' title='bbox 859 3329 935 3412; x_wconf 89' lang='lat' dir='ltr'><strong>ejus</strong></span> <span class='ocrx_word' id='word_1_178' title='bbox 957 3331 1156 3411; x_wconf 88' lang='lat' dir='ltr'><strong>petitionem</strong></span> 
     </span>
     <span class='ocr_line' id='line_1_29' title="bbox 210 3426 1158 3508; baseline 0.001 -17"><span class='ocrx_word' id='word_1_179' title='bbox 210 3426 429 3491; x_wconf 80' lang='lat' dir='ltr'><strong>sacrofonte</strong></span> <span class='ocrx_word' id='word_1_180' title='bbox 454 3427 676 3507; x_wconf 84' lang='lat' dir='ltr'><strong>intingentes,</strong></span> <span class='ocrx_word' id='word_1_181' title='bbox 707 3426 751 3488; x_wconf 83' lang='lat' dir='ltr'><strong>ob</strong></span> <span class='ocrx_word' id='word_1_182' title='bbox 779 3427 941 3508; x_wconf 87' lang='lat' dir='ltr'><strong>episcopo</strong></span> <span class='ocrx_word' id='word_1_183' title='bbox 964 3428 1158 3492; x_wconf 81' lang='lat' dir='ltr'><strong>confirmari</strong></span> 
     </span>
     <span class='ocr_line' id='line_1_30' title="bbox 209 3523 1159 3607; baseline 0 -17"><span class='ocrx_word' id='word_1_184' title='bbox 209 3526 376 3601; x_wconf 83' lang='lat' dir='ltr'><strong>fecerunt,</strong></span> <span class='ocrx_word' id='word_1_185' title='bbox 408 3544 509 3606; x_wconf 92' lang='lat' dir='ltr'><strong>quem</strong></span> <span class='ocrx_word' id='word_1_186' title='bbox 536 3545 598 3587; x_wconf 86' lang='lat' dir='ltr'><strong>rex</strong></span> <span class='ocrx_word' id='word_1_187' title='bbox 623 3525 658 3586; x_wconf 95' lang='lat' dir='ltr'><strong>in</strong></span> <span class='ocrx_word' id='word_1_188' title='bbox 685 3523 793 3586; x_wconf 90' lang='lat' dir='ltr'><strong>filiurn</strong></span> <span class='ocrx_word' id='word_1_189' title='bbox 819 3524 1016 3607; x_wconf 81' lang='lat' dir='ltr'><strong>adoptionis</strong></span> <span class='ocrx_word' id='word_1_190' title='bbox 1049 3528 1159 3590; x_wconf 90' lang='lat' dir='ltr'><strong>susci·</strong></span> 
     </span>
    </p>
   </div>
   <div class='ocr_carea' id='block_1_5' title="bbox 210 3622 1159 3707">
    <p class='ocr_par' dir='ltr' id='par_1_8' title="bbox 210 3622 1159 3707">
     <span class='ocr_line' id='line_1_31' title="bbox 210 3622 1159 3707; baseline 0.002 -19"><span class='ocrx_word' id='word_1_191' title='bbox 210 3627 321 3707; x_wconf 84' lang='lat' dir='ltr'><strong>piene,</strong></span> <span class='ocrx_word' id='word_1_192' title='bbox 339 3624 442 3706; x_wconf 84' lang='lat' dir='ltr'><strong>regiis</strong></span> <span class='ocrx_word' id='word_1_193' title='bbox 463 3643 541 3686; x_wconf 90' lang='lat' dir='ltr'><strong>eum</strong></span> <span class='ocrx_word' id='word_1_194' title='bbox 559 3624 757 3686; x_wconf 89' lang='lat' dir='ltr'><strong>muneribus</strong></span> <span class='ocrx_word' id='word_1_195' title='bbox 775 3622 969 3703; x_wconf 84' lang='lat' dir='ltr'><strong>honoravit,</strong></span> <span class='ocrx_word' id='word_1_196' title='bbox 987 3634 1022 3689; x_wconf 89' lang='lat' dir='ltr'><strong>et</strong></span> <span class='ocrx_word' id='word_1_197' title='bbox 1038 3627 1159 3690; x_wconf 89' lang='lat' dir='ltr'><strong>deinde</strong></span> 
     </span>
    </p>
   </div>
   <div class='ocr_carea' id='block_1_6' title="bbox 210 3884 1167 4304">
    <p class='ocr_par' dir='ltr' id='par_1_9' title="bbox 210 3884 1167 4304">
     <span class='ocr_line' id='line_1_32' title="bbox 210 3884 1164 3954; baseline -0.001 -15"><span class='ocrx_word' id='word_1_198' title='bbox 210 3906 285 3954; x_wconf 76' lang='lat' dir='ltr'><strong>agree</strong></span> <span class='ocrx_word' id='word_1_199' title='bbox 296 3890 358 3938; x_wconf 81' lang='lat' dir='ltr'><strong>with</strong></span> <span class='ocrx_word' id='word_1_200' title='bbox 370 3888 413 3937; x_wconf 87' lang='lat' dir='ltr'><strong>the</strong></span> <span class='ocrx_word' id='word_1_201' title='bbox 423 3888 513 3938; x_wconf 84' lang='lat' dir='ltr'><strong>record</strong></span> <span class='ocrx_word' id='word_1_202' title='bbox 524 3889 553 3938; x_wconf 84' lang='lat' dir='ltr'><strong>of</strong></span> <span class='ocrx_word' id='word_1_203' title='bbox 561 3890 603 3937; x_wconf 87' lang='lat' dir='ltr'><strong>the</strong></span> <span class='ocrx_word' id='word_1_204' title='bbox 612 3888 673 3938; x_wconf 81' lang='lat' dir='ltr'><strong>Sax.</strong></span> <span class='ocrx_word' id='word_1_205' title='bbox 701 3903 776 3950; x_wconf 72' lang='lat' dir='ltr'><strong>agree</strong></span> <span class='ocrx_word' id='word_1_206' title='bbox 788 3890 813 3936; x_wconf 93' lang='lat' dir='ltr'><strong>in</strong></span> <span class='ocrx_word' id='word_1_207' title='bbox 825 3889 867 3938; x_wconf 86' lang='lat' dir='ltr'><strong>the</strong></span> <span class='ocrx_word' id='word_1_208' title='bbox 878 3891 938 3938; x_wconf 85' lang='lat' dir='ltr'><strong>time</strong></span> <span class='ocrx_word' id='word_1_209' title='bbox 950 3890 979 3939; x_wconf 84' lang='lat' dir='ltr'><strong>of</strong></span> <span class='ocrx_word' id='word_1_210' title='bbox 987 3884 1102 3951; x_wconf 81' lang='lat' dir='ltr'><strong>Sweyn&#39;s</strong></span> <span class='ocrx_word' id='word_1_211' title='bbox 1110 3891 1164 3938; x_wconf 83' lang='lat' dir='ltr'><strong>first</strong></span> 
     </span>
     <span class='ocr_line' id='line_1_33' title="bbox 211 3958 824 4010; baseline -0.003 0"><span class='ocrx_word' id='word_1_212' title='bbox 211 3961 303 4010; x_wconf 84' lang='lat' dir='ltr'><strong>Chron.</strong></span> <span class='ocrx_word' id='word_1_213' title='bbox 315 3959 365 4008; x_wconf 81' lang='lat' dir='ltr'><strong>und</strong></span> <span class='ocrx_word' id='word_1_214' title='bbox 377 3958 446 4006; x_wconf 79' lang='lat' dir='ltr'><strong>nor.</strong></span> <span class='ocrx_word' id='word_1_215' title='bbox 700 3959 824 4008; x_wconf 80' lang='lat' dir='ltr'><strong>invasion.</strong></span> 
     </span>
     <span class='ocr_line' id='line_1_34' title="bbox 246 4023 675 4095; baseline -0.007 -17"><span class='ocrx_word' id='word_1_216' title='bbox 246 4027 413 4078; x_wconf 76' lang='lat' dir='ltr'><strong>¹Luminibur</strong></span> <span class='ocrx_word' id='word_1_217' title='bbox 431 4032 467 4076; x_wconf 82' lang='lat' dir='ltr'><strong>ert</strong></span> <span class='ocrx_word' id='word_1_218' title='bbox 487 4023 623 4095; x_wconf 49' lang='lat' dir='ltr'><strong>priverno]</strong></span> <span class='ocrx_word' id='word_1_219' title='bbox 643 4042 675 4075; x_wconf 93' lang='lat' dir='ltr'><strong>on</strong></span> 
     </span>
     <span class='ocr_line' id='line_1_35' title="bbox 210 4090 1167 4162; baseline -0.007 -13"><span class='ocrx_word' id='word_1_220' title='bbox 210 4105 319 4149; x_wconf 76' lang='lat' dir='ltr'><strong>account</strong></span> <span class='ocrx_word' id='word_1_221' title='bbox 330 4097 358 4146; x_wconf 83' lang='lat' dir='ltr'><strong>oi</strong></span> <span class='ocrx_word' id='word_1_222' title='bbox 365 4096 518 4146; x_wconf 81' lang='lat' dir='ltr'><strong>hissether&#39;r</strong></span> <span class='ocrx_word' id='word_1_223' title='bbox 528 4097 677 4158; x_wconf 77' lang='lat' dir='ltr'><strong>treacher53</strong></span> <span class='ocrx_word' id='word_1_224' title='bbox 737 4093 800 4144; x_wconf 70' lang='lat' dir='ltr'><strong>&#39;Au</strong></span> <span class='ocrx_word' id='word_1_225' title='bbox 823 4097 907 4145; x_wconf 63' lang='lat' dir='ltr'><strong>culum</strong></span> <span class='ocrx_word' id='word_1_226' title='bbox 929 4090 1054 4162; x_wconf 67' lang='lat' dir='ltr'><strong>regium]</strong></span> <span class='ocrx_word' id='word_1_227' title='bbox 1079 4094 1167 4142; x_wconf 80' lang='lat' dir='ltr'><strong>Ande-</strong></span> 
     </span>
     <span class='ocr_line' id='line_1_36' title="bbox 211 4164 1167 4229; baseline -0.004 -11"><span class='ocrx_word' id='word_1_228' title='bbox 211 4169 334 4219; x_wconf 83' lang='lat' dir='ltr'><strong>Mulmsb.</strong></span> <span class='ocrx_word' id='word_1_229' title='bbox 346 4182 372 4229; x_wconf 90' lang='lat' dir='ltr'><strong>p.</strong></span> <span class='ocrx_word' id='word_1_230' title='bbox 384 4170 442 4216; x_wconf 69' lang='lat'><strong>264.</strong></span> <span class='ocrx_word' id='word_1_231' title='bbox 703 4165 798 4227; x_wconf 77' lang='lat' dir='ltr'><strong>terem,</strong></span> <span class='ocrx_word' id='word_1_232' title='bbox 803 4181 860 4215; x_wconf 85' lang='lat' dir='ltr'><strong>now</strong></span> <span class='ocrx_word' id='word_1_233' title='bbox 868 4167 998 4226; x_wconf 82' lang='lat' dir='ltr'><strong>Andover;</strong></span> <span class='ocrx_word' id='word_1_234' title='bbox 1008 4164 1167 4214; x_wconf 66' lang='lat' dir='ltr'><strong>Sanchron.</strong></span> 
     </span>
     <span class='ocr_line' id='line_1_37' title="bbox 245 4228 772 4304; baseline -0.008 -16"><span class='ocrx_word' id='word_1_235' title='bbox 245 4234 367 4288; x_wconf 69' lang='lat' dir='ltr'><strong>&#39;Suanos</strong></span> <span class='ocrx_word' id='word_1_236' title='bbox 378 4228 448 4304; x_wconf 65' lang='lat' dir='ltr'><strong>rem]</strong></span> <span class='ocrx_word' id='word_1_237' title='bbox 465 4235 510 4284; x_wconf 83' lang='lat' dir='ltr'><strong>All</strong></span> <span class='ocrx_word' id='word_1_238' title='bbox 525 4236 567 4285; x_wconf 87' lang='lat' dir='ltr'><strong>the</strong></span> <span class='ocrx_word' id='word_1_239' title='bbox 578 4236 679 4285; x_wconf 84' lang='lat' dir='ltr'><strong>writers</strong></span> <span class='ocrx_word' id='word_1_240' title='bbox 705 4235 772 4284; x_wconf 80' lang='lat' dir='ltr'><strong>Flor.</strong></span> 
     </span>
    </p>
   </div>
   <div class='ocr_carea' id='block_1_7' title="bbox 0 0 1514 5004">
    <p class='ocr_par' dir='ltr' id='par_1_10' title="bbox 0 0 1514 5004">
     <span class='ocr_line' id='line_1_38' title="bbox 0 0 1514 5004; baseline 0 0"><span class='ocrx_word' id='word_1_241' title='bbox 0 0 1514 5004; x_wconf 95' lang='lat' dir='ltr'><strong> </strong></span> 
     </span>
    </p>
   </div>
  </div>
 </body>
</html>
