3000 5004
348 458 416 522 42⁰
605 469 736 517 uocum
762 468 809 515 nu
831 467 1037 514 wuxuorun

189 646 293 686 mmor
351 629 473 691 mortis
500 625 629 689 iudicia
658 645 697 687 se
725 623 962 705 quaereutibus
998 622 1166 684 ministris
1194 622 1302 686 dedit.

189 696 300 736 mm
351 727 452 790 Tunc
471 724 660 799 Alsdritba,
678 723 803 785 mulier
824 721 886 785 illa
909 721 1132 802 nequissima.
1157 722 1304 803 ejusque

353 826 445 888 lilius
470 822 689 897 Ethelredus,
709 841 836 903 corpus
862 820 974 882 sancti
997 819 1186 882 Eadwardi
1212 823 1302 901 regis

352 933 388 985 et
406 923 568 1004 martyris
594 922 668 983 sine
691 919 819 982 bonore
843 916 935 999 apud
953 912 1140 980 ¹Warlram
1164 920 1302 1000 sepeliri

348 1022 542 1104 jusserunt,
557 1019 731 1101 publicam
747 1017 906 1081 laetitiam
922 1026 1066 1097 agentes
1078 1030 1114 1080 et
1129 1018 1301 1092 festivam,

354 1139 395 1182 ac
421 1121 451 1182 si
477 1138 555 1181 cum
581 1136 726 1199 corpore
755 1117 887 1198 pariter
912 1125 948 1177 et
972 1117 1175 1178 memoriam
1204 1135 1303 1199 sepe·

353 1217 495 1295 lissent;
522 1216 722 1279 invidebant
747 1217 838 1277 enim
864 1223 1001 1277 mortuo
1031 1214 1302 1277 eeclesiasticam

353 1315 543 1379 concedere
563 1314 790 1395 sepulturam,
812 1315 869 1376 cui
886 1313 1017 1376 viventi
1038 1313 1145 1376 decus
1169 1315 1302 1393 regium

354 1414 569 1478 auferebant.
611 1412 680 1475 Sed
698 1411 810 1474 adfuit
823 1412 951 1474 divinar
973 1411 1206 1474 miserationis
1219 1432 1301 1475 con·

353 1532 489 1587 sensus,
499 1511 560 1592 qui
574 1512 776 1573 iunocenter
787 1529 915 1572 mesum
927 1509 1172 1573 miraculorum
1186 1512 1302 1590 gratia

354 1611 575 1686 sublimavit3
597 1628 678 1671 nam
697 1609 785 1672 adeo
809 1607 962 1670 calestia
978 1608 1104 1671 ibidem
1119 1609 1198 1671 visa
1220 1619 1301 1672 suut

353 1708 497 1789 delapsa
510 1708 616 1769 luisse
632 1707 828 1783 luminaria,
844 1716 883 1768 ut
893 1706 999 1769 etiam
1012 1726 1090 1769 cum
1102 1707 1190 1787 ipsis
1203 1708 1303 1770 lumi·

356 1824 437 1866 num
461 1804 565 1866 radiis
581 1804 714 1866 claudis
737 1806 1002 1868 restituerentur
1025 1824 1179 1884 gressus,
1195 1808 1301 1869 eoecis

353 1904 462 1979 visus,
478 1902 616 1984 loquela
640 1902 758 1978 mutis,
774 1913 810 1966 et
823 1904 1070 1986 cujuscumque
1088 1903 1300 1967 infirmitatis

353 2001 463 2066 livore
490 2001 621 2064 detenti
652 2009 784 2083 optatae
812 2003 974 2066 sanitatis
1005 2003 1149 2083 praemia
1179 2022 1299 2066 couse-

352 2108 518 2180 quuntur.
571 2100 630 2163 Fit
646 2118 834 2163 concursus
850 2101 1055 2183 populorum
1076 2099 1120 2163 ad
1138 2103 1300 2184 martyris

352 2200 567 2281 sepulturam
589 2200 697 2262 totius
719 2200 829 2279 regui,
854 2208 889 2262 et
911 2200 1003 2262 inter
1029 2199 1116 2264 alios
1144 2200 1223 2282 ejus
1246 2203 1298 2263 iu·

354 2299 530 2361 terfectrix
545 2299 612 2360 iter
634 2297 716 2360 illuc
736 2299 905 2379 arripuit;
926 2298 1069 2380 jamque
1092 2317 1220 2378 equum
1243 2318 1299 2362 as·

352 2414 494 2458 censum
516 2416 594 2459 cum
622 2395 772 2458 stimulis
795 2403 945 2475 urgeret,
971 2398 1031 2476 qui
1060 2404 1165 2459 antea
1186 2400 1299 2461 ventis

352 2495 546 2574 promptius
567 2513 670 2555 auras
693 2496 788 2574 ipsas
812 2502 1038 2575 praecurreret
1065 2502 1101 2557 et
1123 2494 1298 2558 dominam

350 2592 511 2653 ardenter
535 2598 570 2653 et
595 2593 695 2671 quasi
721 2592 880 2655 ellraenus
909 2601 1047 2672 portare
1069 2593 1299 2670 adsuesceret,

351 2695 434 2751 tunc
449 2689 516 2751 Dei
530 2695 614 2750 nutu
629 2691 747 2753 stabat
757 2691 952 2765 immobilis,
961 2692 1135 2773 praecipue
1146 2711 1224 2755 cum
1237 2694 1298 2755 mi-

351 2787 464 2863 nistri,
484 2786 563 2849 binc
580 2788 791 2864 verberibus,
814 2789 908 2851 illinc
930 2789 1150 2865 clamoribus,
1172 2810 1296 2871 equum

350 2883 502 2966 undique
524 2886 673 2949 stimulis
699 2888 913 2965 excitarent3
938 2888 1053 2950 inanis
1074 2887 1174 2950 labor
1199 2908 1296 2951 assu·

350 2985 468 3059 mitur,
482 2984 576 3059 dum,
587 3004 677 3064 equo
692 2993 838 3061 mutato,
850 3004 952 3048 casus
962 2986 1054 3048 idem
1064 2987 1297 3068 subsequitur.

350 3081 451 3145 Tunc
473 3081 660 3158 Alldritba,
684 3084 759 3147 viso
785 3084 854 3146 Dei
881 3085 1059 3159 miraculo,
1086 3084 1160 3148 dire
1186 3088 1297 3167 poeni·

348 3182 429 3256 tuit,
446 3180 533 3244 adeo
551 3189 591 3244 ut
607 3180 725 3244 multis
751 3183 850 3247 aunis
872 3202 1009 3245 carnem
1032 3201 1131 3245 suam
1153 3183 1189 3245 in
1211 3184 1296 3247 deli-

348 3280 411 3342 ciis
430 3280 595 3342 nutritam
620 3279 712 3361 apud
726 3274 968 3345 ²Warwellum
992 3280 1104 3344 cilicio
1129 3282 1296 3359 domaret,

304 3415 310 3427 ι
347 3377 423 3441 solo
462 3386 637 3459 prostrata
675 3397 831 3442 somnum
868 3389 1008 3461 caperet
1042 3388 1078 3443 et
1110 3382 1297 3458 cruciatus,

348 3494 582 3557 quoscumque
614 3478 739 3559 potnit,
767 3479 902 3559 corpori
930 3479 1136 3561 applicavit.
1202 3480 1296 3544 Else-

347 3574 418 3636 rius
433 3594 582 3657 quoque,
599 3576 658 3640 ille
680 3576 722 3639 de
738 3597 806 3659 quo
829 3596 935 3658 supra
957 3577 1186 3654 meminimus
1203 3580 1295 3661 quod

346 3673 591 3736 monachorum
625 3676 834 3738 monasterio
856 3676 1097 3752 destruxisset,
1124 3677 1167 3740 de
1193 3679 1296 3761 culpa

346 3771 451 3833 auxie
466 3773 650 3852 poenitens,
664 3792 801 3836 sacrum
825 3776 917 3855 regis
943 3793 1069 3857 corpus
1085 3775 1219 3840 deloco
1242 3778 1295 3858 ig·

346 3868 452 3931 nobili
467 3869 689 3949 transferens,
701 3866 810 3954 ³apud
827 3872 1027 3954 Septoniam
1042 3874 1149 3954 digno
1167 3874 1296 3939 honore

377 4070 534 4136 ¹Warlurm‚]
550 4075 576 4123 iu
589 4074 759 4126 Dorsetslrire.
830 4078 961 4129 Cressaud
969 4080 996 4130 S.
1002 4080 1087 4142 Peter,
1095 4081 1121 4130 in
1129 4082 1293 4145 Hampsbire.

375 4138 570 4209 ²Worwellum.]
579 4144 803 4207 Wherwell,aBe·
862 4146 958 4212 'Apud
970 4150 1132 4215 Sqrtonioru]
1144 4157 1171 4200 at
1182 4153 1295 4205 Sbnstes·

339 4213 801 4273 nedietinenunuerydedicatedtothe
827 4217 900 4279 bury.
