<?xml version="1.0" encoding="UTF-8"?>
<!DOCTYPE html PUBLIC "-//W3C//DTD XHTML 1.0 Transitional//EN"
    "http://www.w3.org/TR/xhtml1/DTD/xhtml1-transitional.dtd">
<html xmlns="http://www.w3.org/1999/xhtml" xml:lang="en" lang="en">
 <head>
  <title>
</title>
<meta http-equiv="Content-Type" content="text/html;charset=utf-8" />
  <meta name='ocr-system' content='tesseract 3.04.00' />
  <meta name='ocr-capabilities' content='ocr_page ocr_carea ocr_par ocr_line ocrx_word'/>
</head>
<body>
  <div class='ocr_page' id='page_1' title='image "./rogeridewendove05rogegoog_0357.png"; bbox 0 0 3000 5004; ppageno 0'>
   <div class='ocr_carea' id='block_1_1' title="bbox 353 428 1047 530">
    <p class='ocr_par' dir='ltr' id='par_1_1' title="bbox 353 428 1047 530">
     <span class='ocr_line' id='line_1_1' title="bbox 353 428 1047 530; baseline -0.003 0"><span class='ocrx_word' id='word_1_1' title='bbox 353 467 419 530; x_wconf 76' lang='lat'>312</span> <span class='ocrx_word' id='word_1_2' title='bbox 486 428 490 435; x_wconf 28' lang='grc' dir='ltr'>Ι</span> <span class='ocrx_word' id='word_1_3' title='bbox 612 482 746 530; x_wconf 84' lang='lat' dir='ltr'>nocnnr</span> <span class='ocrx_word' id='word_1_4' title='bbox 770 483 817 529; x_wconf 84' lang='lat' dir='ltr'>nu</span> <span class='ocrx_word' id='word_1_5' title='bbox 840 482 1047 530; x_wconf 80' lang='lat' dir='ltr'>wnuoovna</span> 
     </span>
    </p>
   </div>
   <div class='ocr_carea' id='block_1_2' title="bbox 342 636 1362 3779">
    <p class='ocr_par' dir='ltr' id='par_1_2' title="bbox 342 636 1362 3779">
     <span class='ocr_line' id='line_1_2' title="bbox 357 636 1311 721; baseline 0.001 -19"><span class='ocrx_word' id='word_1_6' title='bbox 357 647 430 702; x_wconf 89' lang='lat' dir='ltr'>tum</span> <span class='ocrx_word' id='word_1_7' title='bbox 455 639 498 702; x_wconf 98' lang='lat' dir='ltr'>de</span> <span class='ocrx_word' id='word_1_8' title='bbox 523 640 641 721; x_wconf 85' lang='lat' dir='ltr'>stipite</span> <span class='ocrx_word' id='word_1_9' title='bbox 663 638 875 702; x_wconf 81' lang='lat' dir='ltr'>truculenter</span> <span class='ocrx_word' id='word_1_10' title='bbox 900 636 1072 712; x_wconf 84' lang='lat' dir='ltr'>avulsum,</span> <span class='ocrx_word' id='word_1_11' title='bbox 1093 637 1185 700; x_wconf 91' lang='lat' dir='ltr'>inter</span> <span class='ocrx_word' id='word_1_12' title='bbox 1201 640 1311 703; x_wconf 87' lang='lat' dir='ltr'>verba</span> 
     </span>
     <span class='ocr_line' id='line_1_3' title="bbox 357 736 1311 812; baseline 0 -11"><span class='ocrx_word' id='word_1_13' title='bbox 357 739 524 802; x_wconf 88' lang='lat' dir='ltr'>orationis</span> <span class='ocrx_word' id='word_1_14' title='bbox 550 746 585 801; x_wconf 91' lang='lat' dir='ltr'>et</span> <span class='ocrx_word' id='word_1_15' title='bbox 613 737 831 801; x_wconf 84' lang='lat' dir='ltr'>consessione</span> <span class='ocrx_word' id='word_1_16' title='bbox 853 736 983 799; x_wconf 86' lang='lat' dir='ltr'>Christi</span> <span class='ocrx_word' id='word_1_17' title='bbox 1009 737 1170 812; x_wconf 89' lang='lat' dir='ltr'>nominis,</span> <span class='ocrx_word' id='word_1_18' title='bbox 1204 739 1311 802; x_wconf 86' lang='lat' dir='ltr'>unico</span> 
     </span>
     <span class='ocr_line' id='line_1_4' title="bbox 355 834 1310 919; baseline 0.001 -19"><span class='ocrx_word' id='word_1_19' title='bbox 355 837 428 900; x_wconf 91' lang='lat' dir='ltr'>ictu</span> <span class='ocrx_word' id='word_1_20' title='bbox 445 838 558 919; x_wconf 91' lang='lat' dir='ltr'>ipsum</span> <span class='ocrx_word' id='word_1_21' title='bbox 575 836 805 919; x_wconf 81' lang='lat' dir='ltr'>decapitando</span> <span class='ocrx_word' id='word_1_22' title='bbox 824 835 1028 899; x_wconf 88' lang='lat' dir='ltr'>duodecimo</span> <span class='ocrx_word' id='word_1_23' title='bbox 1050 834 1220 900; x_wconf 80' lang='lat' dir='ltr'>kalendas</span> <span class='ocrx_word' id='word_1_24' title='bbox 1235 837 1310 901; x_wconf 87' lang='lat' dir='ltr'>De·</span> 
     </span>
     <span class='ocr_line' id='line_1_5' title="bbox 357 934 1310 1018; baseline 0.003 -20"><span class='ocrx_word' id='word_1_25' title='bbox 357 937 503 999; x_wconf 91' lang='lat' dir='ltr'>cembris</span> <span class='ocrx_word' id='word_1_26' title='bbox 514 937 749 1017; x_wconf 89' lang='lat' dir='ltr'>gratissimum</span> <span class='ocrx_word' id='word_1_27' title='bbox 765 936 842 999; x_wconf 91' lang='lat' dir='ltr'>Deo</span> <span class='ocrx_word' id='word_1_28' title='bbox 852 934 1105 1011; x_wconf 82' lang='lat' dir='ltr'>holocaustum,</span> <span class='ocrx_word' id='word_1_29' title='bbox 1121 943 1158 998; x_wconf 91' lang='lat' dir='ltr'>et</span> <span class='ocrx_word' id='word_1_30' title='bbox 1173 936 1209 998; x_wconf 93' lang='lat' dir='ltr'>in</span> <span class='ocrx_word' id='word_1_31' title='bbox 1224 936 1310 1018; x_wconf 84' lang='lat' dir='ltr'>igne</span> 
     </span>
     <span class='ocr_line' id='line_1_6' title="bbox 357 1034 1309 1116; baseline 0.003 -18"><span class='ocrx_word' id='word_1_32' title='bbox 357 1036 528 1116; x_wconf 83' lang='lat' dir='ltr'>passionis</span> <span class='ocrx_word' id='word_1_33' title='bbox 540 1036 787 1110; x_wconf 87' lang='lat' dir='ltr'>examinatum,</span> <span class='ocrx_word' id='word_1_34' title='bbox 802 1053 879 1097; x_wconf 93' lang='lat' dir='ltr'>cum</span> <span class='ocrx_word' id='word_1_35' title='bbox 890 1034 1009 1116; x_wconf 85' lang='lat' dir='ltr'>palma</span> <span class='ocrx_word' id='word_1_36' title='bbox 1024 1034 1180 1098; x_wconf 84' lang='lat' dir='ltr'>victoriae</span> <span class='ocrx_word' id='word_1_37' title='bbox 1197 1042 1234 1098; x_wconf 89' lang='lat' dir='ltr'>et</span> <span class='ocrx_word' id='word_1_38' title='bbox 1247 1055 1309 1102; x_wconf 89' lang='lat' dir='ltr'>co-</span> 
     </span>
     <span class='ocr_line' id='line_1_7' title="bbox 356 1132 1310 1216; baseline 0.003 -19"><span class='ocrx_word' id='word_1_39' title='bbox 356 1153 443 1197; x_wconf 87' lang='lat' dir='ltr'>rona</span> <span class='ocrx_word' id='word_1_40' title='bbox 450 1134 600 1216; x_wconf 66' lang='lat' dir='ltr'>justitiae</span> <span class='ocrx_word' id='word_1_41' title='bbox 612 1134 804 1198; x_wconf 87' lang='lat' dir='ltr'>transmisit</span> <span class='ocrx_word' id='word_1_42' title='bbox 824 1132 868 1196; x_wconf 90' lang='lat' dir='ltr'>ad</span> <span class='ocrx_word' id='word_1_43' title='bbox 886 1132 1021 1196; x_wconf 87' lang='lat' dir='ltr'>caelum.</span> <span class='ocrx_word' id='word_1_44' title='bbox 1073 1132 1210 1215; x_wconf 87' lang='lat' dir='ltr'>Corpus</span> <span class='ocrx_word' id='word_1_45' title='bbox 1224 1155 1310 1200; x_wconf 86' lang='lat' dir='ltr'>vero</span> 
     </span>
     <span class='ocr_line' id='line_1_8' title="bbox 357 1232 1309 1316; baseline 0.004 -21"><span class='ocrx_word' id='word_1_46' title='bbox 357 1232 520 1316; x_wconf 89' lang='lat' dir='ltr'>martyris</span> <span class='ocrx_word' id='word_1_47' title='bbox 545 1233 694 1297; x_wconf 88' lang='lat' dir='ltr'>ministri</span> <span class='ocrx_word' id='word_1_48' title='bbox 723 1232 852 1296; x_wconf 86' lang='lat' dir='ltr'>diaboli</span> <span class='ocrx_word' id='word_1_49' title='bbox 881 1232 996 1313; x_wconf 87' lang='lat' dir='ltr'>capite</span> <span class='ocrx_word' id='word_1_50' title='bbox 1025 1240 1225 1298; x_wconf 88' lang='lat' dir='ltr'>truncatum</span> <span class='ocrx_word' id='word_1_51' title='bbox 1251 1255 1309 1298; x_wconf 89' lang='lat' dir='ltr'>re·</span> 
     </span>
     <span class='ocr_line' id='line_1_9' title="bbox 356 1329 1307 1414; baseline 0.005 -21"><span class='ocrx_word' id='word_1_52' title='bbox 356 1331 563 1414; x_wconf 88' lang='lat' dir='ltr'>linquentes,</span> <span class='ocrx_word' id='word_1_53' title='bbox 577 1341 613 1397; x_wconf 90' lang='lat' dir='ltr'>et</span> <span class='ocrx_word' id='word_1_54' title='bbox 634 1333 670 1396; x_wconf 93' lang='lat' dir='ltr'>in</span> <span class='ocrx_word' id='word_1_55' title='bbox 692 1332 829 1408; x_wconf 90' lang='lat' dir='ltr'>silvam,</span> <span class='ocrx_word' id='word_1_56' title='bbox 846 1331 903 1394; x_wconf 88' lang='lat' dir='ltr'>cui</span> <span class='ocrx_word' id='word_1_57' title='bbox 919 1329 1156 1395; x_wconf 88' lang='lat' dir='ltr'>Haeilesdune</span> <span class='ocrx_word' id='word_1_58' title='bbox 1179 1353 1307 1398; x_wconf 89' lang='lat' dir='ltr'>nomen</span> 
     </span>
     <span class='ocr_line' id='line_1_10' title="bbox 356 1430 1307 1515; baseline 0.004 -22"><span class='ocrx_word' id='word_1_59' title='bbox 356 1439 421 1506; x_wconf 89' lang='lat' dir='ltr'>est,</span> <span class='ocrx_word' id='word_1_60' title='bbox 436 1432 673 1513; x_wconf 89' lang='lat' dir='ltr'>adportantes,</span> <span class='ocrx_word' id='word_1_61' title='bbox 688 1432 777 1495; x_wconf 89' lang='lat' dir='ltr'>inter</span> <span class='ocrx_word' id='word_1_62' title='bbox 791 1430 900 1494; x_wconf 86' lang='lat' dir='ltr'>densa</span> <span class='ocrx_word' id='word_1_63' title='bbox 910 1431 1066 1513; x_wconf 86' lang='lat' dir='ltr'>veprium</span> <span class='ocrx_word' id='word_1_64' title='bbox 1084 1430 1213 1496; x_wconf 81' lang='lat' dir='ltr'>fruteta</span> <span class='ocrx_word' id='word_1_65' title='bbox 1223 1452 1307 1515; x_wconf 90' lang='lat' dir='ltr'>pro·</span> 
     </span>
     <span class='ocr_line' id='line_1_11' title="bbox 350 1529 1307 1615; baseline 0.003 -23"><span class='ocrx_word' id='word_1_66' title='bbox 350 1529 532 1614; x_wconf 88' lang='lat' dir='ltr'>jecerunt;</span> <span class='ocrx_word' id='word_1_67' title='bbox 556 1532 667 1595; x_wconf 88' lang='lat' dir='ltr'>adhuc</span> <span class='ocrx_word' id='word_1_68' title='bbox 693 1532 784 1595; x_wconf 90' lang='lat' dir='ltr'>euim</span> <span class='ocrx_word' id='word_1_69' title='bbox 806 1530 1013 1595; x_wconf 85' lang='lat' dir='ltr'>laborabant</span> <span class='ocrx_word' id='word_1_70' title='bbox 1027 1530 1164 1594; x_wconf 87' lang='lat' dir='ltr'>lanistae</span> <span class='ocrx_word' id='word_1_71' title='bbox 1181 1532 1307 1615; x_wconf 90' lang='lat' dir='ltr'>iniqui,</span> 
     </span>
     <span class='ocr_line' id='line_1_12' title="bbox 354 1629 1307 1713; baseline 0.005 -22"><span class='ocrx_word' id='word_1_72' title='bbox 354 1648 397 1692; x_wconf 92' lang='lat' dir='ltr'>ne</span> <span class='ocrx_word' id='word_1_73' title='bbox 411 1649 433 1692; x_wconf 91' lang='lat' dir='ltr'>a</span> <span class='ocrx_word' id='word_1_74' title='bbox 451 1629 671 1707; x_wconf 86' lang='lat' dir='ltr'>Christianis,</span> <span class='ocrx_word' id='word_1_75' title='bbox 689 1650 775 1713; x_wconf 92' lang='lat' dir='ltr'>quos</span> <span class='ocrx_word' id='word_1_76' title='bbox 792 1649 922 1712; x_wconf 90' lang='lat' dir='ltr'>paucos</span> <span class='ocrx_word' id='word_1_77' title='bbox 939 1631 1144 1711; x_wconf 87' lang='lat' dir='ltr'>superstites</span> <span class='ocrx_word' id='word_1_78' title='bbox 1157 1631 1307 1713; x_wconf 86' lang='lat' dir='ltr'>relique·</span> 
     </span>
     <span class='ocr_line' id='line_1_13' title="bbox 354 1728 1362 1812; baseline 0.006 -23"><span class='ocrx_word' id='word_1_79' title='bbox 354 1735 445 1804; x_wconf 90' lang='lat' dir='ltr'>rant,</span> <span class='ocrx_word' id='word_1_80' title='bbox 460 1747 585 1810; x_wconf 90' lang='lat' dir='ltr'>corpus</span> <span class='ocrx_word' id='word_1_81' title='bbox 601 1730 762 1812; x_wconf 90' lang='lat' dir='ltr'>martyris</span> <span class='ocrx_word' id='word_1_82' title='bbox 778 1729 978 1811; x_wconf 86' lang='lat' dir='ltr'>sepulturae,</span> <span class='ocrx_word' id='word_1_83' title='bbox 994 1737 1033 1792; x_wconf 91' lang='lat' dir='ltr'>ut</span> <span class='ocrx_word' id='word_1_84' title='bbox 1050 1729 1206 1806; x_wconf 87' lang='lat' dir='ltr'>decebat,</span> <span class='ocrx_word' id='word_1_85' title='bbox 1223 1751 1304 1795; x_wconf 91' lang='lat' dir='ltr'>cum</span> <span class='ocrx_word' id='word_1_86' title='bbox 1356 1728 1362 1737; x_wconf 81' lang='grc'><em>“</em></span> 
     </span>
     <span class='ocr_line' id='line_1_14' title="bbox 353 1827 1305 1912; baseline 0.006 -24"><span class='ocrx_word' id='word_1_87' title='bbox 353 1827 467 1907; x_wconf 89' lang='lat' dir='ltr'>capite</span> <span class='ocrx_word' id='word_1_88' title='bbox 486 1828 688 1891; x_wconf 88' lang='lat' dir='ltr'>traderetur.</span> <span class='ocrx_word' id='word_1_89' title='bbox 741 1828 944 1891; x_wconf 90' lang='lat' dir='ltr'>Didicerant</span> <span class='ocrx_word' id='word_1_90' title='bbox 966 1846 1115 1909; x_wconf 87' lang='lat' dir='ltr'>namque</span> <span class='ocrx_word' id='word_1_91' title='bbox 1138 1828 1305 1912; x_wconf 87' lang='lat' dir='ltr'>Hinguar</span> 
     </span>
     <span class='ocr_line' id='line_1_15' title="bbox 353 1925 1303 2010; baseline 0.007 -22"><span class='ocrx_word' id='word_1_92' title='bbox 353 1933 388 1988; x_wconf 90' lang='lat' dir='ltr'>et</span> <span class='ocrx_word' id='word_1_93' title='bbox 405 1925 548 2002; x_wconf 89' lang='lat' dir='ltr'>Hnbba,</span> <span class='ocrx_word' id='word_1_94' title='bbox 571 1927 693 2008; x_wconf 85' lang='lat' dir='ltr'>piratae</span> <span class='ocrx_word' id='word_1_95' title='bbox 717 1928 929 2009; x_wconf 89' lang='lat' dir='ltr'>nequissimi,</span> <span class='ocrx_word' id='word_1_96' title='bbox 944 1927 979 1989; x_wconf 91' lang='lat' dir='ltr'>in</span> <span class='ocrx_word' id='word_1_97' title='bbox 1004 1927 1094 1990; x_wconf 87' lang='lat' dir='ltr'>silva</span> <span class='ocrx_word' id='word_1_98' title='bbox 1115 1927 1303 2010; x_wconf 85' lang='lat' dir='ltr'>jamdicta</span> 
     </span>
     <span class='ocr_line' id='line_1_16' title="bbox 352 2024 1300 2111; baseline 0.005 -24"><span class='ocrx_word' id='word_1_99' title='bbox 352 2024 434 2087; x_wconf 91' lang='lat' dir='ltr'>olim</span> <span class='ocrx_word' id='word_1_100' title='bbox 456 2026 499 2088; x_wconf 88' lang='lat' dir='ltr'>de</span> <span class='ocrx_word' id='word_1_101' title='bbox 524 2026 636 2089; x_wconf 91' lang='lat' dir='ltr'>medio</span> <span class='ocrx_word' id='word_1_102' title='bbox 658 2026 833 2090; x_wconf 89' lang='lat' dir='ltr'>sublatum</span> <span class='ocrx_word' id='word_1_103' title='bbox 858 2026 964 2090; x_wconf 78' lang='lat' dir='ltr'>fuisse</span> <span class='ocrx_word' id='word_1_104' title='bbox 981 2025 1214 2091; x_wconf 89' lang='lat' dir='ltr'>Lothbrocum</span> <span class='ocrx_word' id='word_1_105' title='bbox 1237 2048 1300 2111; x_wconf 89' lang='lat' dir='ltr'>pa-</span> 
     </span>
     <span class='ocr_line' id='line_1_17' title="bbox 351 2125 1300 2207; baseline 0.006 -20"><span class='ocrx_word' id='word_1_106' title='bbox 351 2131 438 2188; x_wconf 90' lang='lat' dir='ltr'>trem</span> <span class='ocrx_word' id='word_1_107' title='bbox 465 2145 587 2204; x_wconf 84' lang='lat' dir='ltr'>suum3</span> <span class='ocrx_word' id='word_1_108' title='bbox 618 2126 708 2189; x_wconf 91' lang='lat' dir='ltr'>uude</span> <span class='ocrx_word' id='word_1_109' title='bbox 735 2125 824 2189; x_wconf 90' lang='lat' dir='ltr'>salsa</span> <span class='ocrx_word' id='word_1_110' title='bbox 854 2126 1079 2207; x_wconf 82' lang='lat' dir='ltr'>suggestione</span> <span class='ocrx_word' id='word_1_111' title='bbox 1107 2125 1213 2191; x_wconf 87' lang='lat' dir='ltr'>Berni</span> <span class='ocrx_word' id='word_1_112' title='bbox 1240 2149 1300 2193; x_wconf 87' lang='lat' dir='ltr'>ve-</span> 
     </span>
     <span class='ocr_line' id='line_1_18' title="bbox 351 2224 1299 2307; baseline 0.007 -21"><span class='ocrx_word' id='word_1_113' title='bbox 351 2225 495 2301; x_wconf 90' lang='lat' dir='ltr'>natoris,</span> <span class='ocrx_word' id='word_1_114' title='bbox 522 2225 615 2289; x_wconf 89' lang='lat' dir='ltr'>beati</span> <span class='ocrx_word' id='word_1_115' title='bbox 641 2225 732 2306; x_wconf 88' lang='lat' dir='ltr'>regis</span> <span class='ocrx_word' id='word_1_116' title='bbox 754 2233 790 2288; x_wconf 94' lang='lat' dir='ltr'>et</span> <span class='ocrx_word' id='word_1_117' title='bbox 812 2225 973 2307; x_wconf 87' lang='lat' dir='ltr'>martyris</span> <span class='ocrx_word' id='word_1_118' title='bbox 1000 2224 1197 2290; x_wconf 89' lang='lat' dir='ltr'>Eadmundi</span> <span class='ocrx_word' id='word_1_119' title='bbox 1219 2228 1299 2292; x_wconf 90' lang='lat' dir='ltr'>tali·</span> 
     </span>
     <span class='ocr_line' id='line_1_19' title="bbox 349 2323 1302 2410; baseline 0.006 -24"><span class='ocrx_word' id='word_1_120' title='bbox 349 2342 450 2386; x_wconf 88' lang='lat' dir='ltr'>onem</span> <span class='ocrx_word' id='word_1_121' title='bbox 477 2324 617 2387; x_wconf 89' lang='lat' dir='ltr'>reddere</span> <span class='ocrx_word' id='word_1_122' title='bbox 646 2325 835 2406; x_wconf 88' lang='lat' dir='ltr'>cupientes,</span> <span class='ocrx_word' id='word_1_123' title='bbox 863 2324 899 2386; x_wconf 93' lang='lat' dir='ltr'>in</span> <span class='ocrx_word' id='word_1_124' title='bbox 927 2323 1017 2387; x_wconf 86' lang='lat' dir='ltr'>silva</span> <span class='ocrx_word' id='word_1_125' title='bbox 1043 2324 1163 2387; x_wconf 88' lang='lat' dir='ltr'>eadem</span> <span class='ocrx_word' id='word_1_126' title='bbox 1194 2338 1302 2410; x_wconf 89' lang='lat' dir='ltr'>capnt</span> 
     </span>
     <span class='ocr_line' id='line_1_20' title="bbox 349 2421 1299 2507; baseline 0.009 -25"><span class='ocrx_word' id='word_1_127' title='bbox 349 2421 426 2503; x_wconf 88' lang='lat' dir='ltr'>ejus</span> <span class='ocrx_word' id='word_1_128' title='bbox 440 2422 667 2503; x_wconf 81' lang='lat' dir='ltr'>ignominiose</span> <span class='ocrx_word' id='word_1_129' title='bbox 685 2423 917 2507; x_wconf 86' lang='lat' dir='ltr'>projecerunt,</span> <span class='ocrx_word' id='word_1_130' title='bbox 929 2423 1121 2504; x_wconf 90' lang='lat' dir='ltr'>avibusque</span> <span class='ocrx_word' id='word_1_131' title='bbox 1135 2425 1212 2489; x_wconf 82' lang='lat' dir='ltr'>caeli</span> <span class='ocrx_word' id='word_1_132' title='bbox 1227 2434 1299 2491; x_wconf 87' lang='lat' dir='ltr'>tra-</span> 
     </span>
     <span class='ocr_line' id='line_1_21' title="bbox 350 2519 1298 2591; baseline 0.009 -9"><span class='ocrx_word' id='word_1_133' title='bbox 350 2519 470 2583; x_wconf 90' lang='lat' dir='ltr'>dentes</span> <span class='ocrx_word' id='word_1_134' title='bbox 495 2528 530 2583; x_wconf 90' lang='lat' dir='ltr'>et</span> <span class='ocrx_word' id='word_1_135' title='bbox 555 2521 675 2585; x_wconf 89' lang='lat' dir='ltr'>bestiis</span> <span class='ocrx_word' id='word_1_136' title='bbox 706 2522 953 2586; x_wconf 87' lang='lat' dir='ltr'>devorandum.</span> <span class='ocrx_word' id='word_1_137' title='bbox 1005 2521 1137 2586; x_wconf 89' lang='lat' dir='ltr'>Passus</span> <span class='ocrx_word' id='word_1_138' title='bbox 1160 2533 1214 2589; x_wconf 87' lang='lat' dir='ltr'>est</span> <span class='ocrx_word' id='word_1_139' title='bbox 1239 2545 1298 2591; x_wconf 89' lang='lat' dir='ltr'>au·</span> 
     </span>
     <span class='ocr_line' id='line_1_22' title="bbox 350 2621 1297 2707; baseline 0.008 -26"><span class='ocrx_word' id='word_1_140' title='bbox 350 2626 419 2681; x_wconf 92' lang='lat' dir='ltr'>tem</span> <span class='ocrx_word' id='word_1_141' title='bbox 433 2639 510 2681; x_wconf 91' lang='lat' dir='ltr'>cum</span> <span class='ocrx_word' id='word_1_142' title='bbox 526 2621 744 2684; x_wconf 87' lang='lat' dir='ltr'>sanctissimo</span> <span class='ocrx_word' id='word_1_143' title='bbox 764 2641 845 2702; x_wconf 90' lang='lat' dir='ltr'>rege</span> <span class='ocrx_word' id='word_1_144' title='bbox 863 2621 1066 2685; x_wconf 85' lang='lat' dir='ltr'>Eadmundo</span> <span class='ocrx_word' id='word_1_145' title='bbox 1082 2642 1198 2687; x_wconf 90' lang='lat' dir='ltr'>comes</span> <span class='ocrx_word' id='word_1_146' title='bbox 1221 2625 1297 2707; x_wconf 88' lang='lat' dir='ltr'>ejus</span> 
     </span>
     <span class='ocr_line' id='line_1_23' title="bbox 348 2716 1297 2803; baseline 0.011 -25"><span class='ocrx_word' id='word_1_147' title='bbox 348 2716 546 2782; x_wconf 88' lang='lat' dir='ltr'>individuus</span> <span class='ocrx_word' id='word_1_148' title='bbox 575 2719 805 2797; x_wconf 89' lang='lat' dir='ltr'>Humbertus,</span> <span class='ocrx_word' id='word_1_149' title='bbox 833 2720 1114 2784; x_wconf 89' lang='lat' dir='ltr'>Helmhamensis</span> <span class='ocrx_word' id='word_1_150' title='bbox 1139 2724 1297 2803; x_wconf 90' lang='lat' dir='ltr'>antistes,</span> 
     </span>
     <span class='ocr_line' id='line_1_24' title="bbox 347 2817 1296 2902; baseline 0.008 -24"><span class='ocrx_word' id='word_1_151' title='bbox 347 2817 407 2898; x_wconf 95' lang='lat' dir='ltr'>qui</span> <span class='ocrx_word' id='word_1_152' title='bbox 419 2837 534 2898; x_wconf 87' lang='lat' dir='ltr'>regem</span> <span class='ocrx_word' id='word_1_153' title='bbox 551 2819 695 2883; x_wconf 90' lang='lat' dir='ltr'>eundem</span> <span class='ocrx_word' id='word_1_154' title='bbox 718 2819 754 2882; x_wconf 93' lang='lat' dir='ltr'>in</span> <span class='ocrx_word' id='word_1_155' title='bbox 777 2821 874 2901; x_wconf 88' lang='lat' dir='ltr'>regni</span> <span class='ocrx_word' id='word_1_156' title='bbox 894 2819 1070 2902; x_wconf 84' lang='lat' dir='ltr'>fastigium</span> <span class='ocrx_word' id='word_1_157' title='bbox 1088 2822 1296 2888; x_wconf 88' lang='lat' dir='ltr'>sublimave-</span> 
     </span>
     <span class='ocr_line' id='line_1_25' title="bbox 347 2919 1296 3002; baseline 0.009 -24"><span class='ocrx_word' id='word_1_158' title='bbox 347 2924 413 2992; x_wconf 87' lang='lat' dir='ltr'>rat,</span> <span class='ocrx_word' id='word_1_159' title='bbox 430 2924 465 2980; x_wconf 91' lang='lat' dir='ltr'>et</span> <span class='ocrx_word' id='word_1_160' title='bbox 480 2920 678 2982; x_wconf 86' lang='lat' dir='ltr'>constantia</span> <span class='ocrx_word' id='word_1_161' title='bbox 692 2919 813 2981; x_wconf 88' lang='lat' dir='ltr'>invicti</span> <span class='ocrx_word' id='word_1_162' title='bbox 830 2920 923 3000; x_wconf 90' lang='lat' dir='ltr'>regis</span> <span class='ocrx_word' id='word_1_163' title='bbox 940 2919 984 2982; x_wconf 91' lang='lat' dir='ltr'>ad</span> <span class='ocrx_word' id='word_1_164' title='bbox 1002 2921 1206 3002; x_wconf 85' lang='lat' dir='ltr'>martyrium</span> <span class='ocrx_word' id='word_1_165' title='bbox 1223 2924 1296 2987; x_wconf 89' lang='lat' dir='ltr'>ani·</span> 
     </span>
     <span class='ocr_line' id='line_1_26' title="bbox 345 3018 1294 3101; baseline 0.007 -22"><span class='ocrx_word' id='word_1_166' title='bbox 345 3025 473 3094; x_wconf 90' lang='lat' dir='ltr'>matus,</span> <span class='ocrx_word' id='word_1_167' title='bbox 489 3037 566 3081; x_wconf 91' lang='lat' dir='ltr'>cum</span> <span class='ocrx_word' id='word_1_168' title='bbox 586 3019 663 3099; x_wconf 92' lang='lat' dir='ltr'>ipso</span> <span class='ocrx_word' id='word_1_169' title='bbox 686 3026 739 3081; x_wconf 89' lang='lat' dir='ltr'>cst</span> <span class='ocrx_word' id='word_1_170' title='bbox 762 3018 859 3098; x_wconf 91' lang='lat' dir='ltr'>regni</span> <span class='ocrx_word' id='word_1_171' title='bbox 881 3018 1029 3082; x_wconf 86' lang='lat' dir='ltr'>caelestis</span> <span class='ocrx_word' id='word_1_172' title='bbox 1050 3039 1231 3101; x_wconf 90' lang='lat' dir='ltr'>possessor</span> <span class='ocrx_word' id='word_1_173' title='bbox 1245 3023 1294 3086; x_wconf 90' lang='lat' dir='ltr'>es-</span> 
     </span>
     <span class='ocr_line' id='line_1_27' title="bbox 346 3115 1295 3200; baseline 0.007 -22"><span class='ocrx_word' id='word_1_174' title='bbox 346 3115 468 3180; x_wconf 83' lang='lat' dir='ltr'>sectus.</span> <span class='ocrx_word' id='word_1_175' title='bbox 503 3117 628 3200; x_wconf 91' lang='lat' dir='ltr'>Sicque</span> <span class='ocrx_word' id='word_1_176' title='bbox 645 3136 726 3198; x_wconf 89' lang='lat' dir='ltr'>rege</span> <span class='ocrx_word' id='word_1_177' title='bbox 740 3117 940 3180; x_wconf 90' lang='lat' dir='ltr'>beatissimo</span> <span class='ocrx_word' id='word_1_178' title='bbox 954 3118 997 3181; x_wconf 93' lang='lat' dir='ltr'>ad</span> <span class='ocrx_word' id='word_1_179' title='bbox 1013 3118 1166 3183; x_wconf 87' lang='lat' dir='ltr'>caelestia</span> <span class='ocrx_word' id='word_1_180' title='bbox 1183 3127 1295 3185; x_wconf 82' lang='lat' dir='ltr'>trans·</span> 
     </span>
     <span class='ocr_line' id='line_1_28' title="bbox 345 3214 1293 3300; baseline 0.007 -23"><span class='ocrx_word' id='word_1_181' title='bbox 345 3214 430 3291; x_wconf 87' lang='lat' dir='ltr'>lato,</span> <span class='ocrx_word' id='word_1_182' title='bbox 458 3217 588 3297; x_wconf 86' lang='lat' dir='ltr'>pagani</span> <span class='ocrx_word' id='word_1_183' title='bbox 610 3216 752 3279; x_wconf 92' lang='lat' dir='ltr'>nimium</span> <span class='ocrx_word' id='word_1_184' title='bbox 775 3215 964 3297; x_wconf 87' lang='lat' dir='ltr'>gloriantes</span> <span class='ocrx_word' id='word_1_185' title='bbox 986 3216 1239 3300; x_wconf 86' lang='lat' dir='ltr'>hyemaverunt</span> <span class='ocrx_word' id='word_1_186' title='bbox 1258 3222 1293 3284; x_wconf 93' lang='lat' dir='ltr'>in</span> 
     </span>
     <span class='ocr_line' id='line_1_29' title="bbox 344 3314 1294 3402; baseline 0.007 -26"><span class='ocrx_word' id='word_1_187' title='bbox 344 3314 486 3396; x_wconf 86' lang='lat' dir='ltr'>regione</span> <span class='ocrx_word' id='word_1_188' title='bbox 502 3315 575 3391; x_wconf 87' lang='lat' dir='ltr'>illa,</span> <span class='ocrx_word' id='word_1_189' title='bbox 591 3315 746 3396; x_wconf 85' lang='lat' dir='ltr'>expulsis</span> <span class='ocrx_word' id='word_1_190' title='bbox 763 3316 884 3396; x_wconf 88' lang='lat' dir='ltr'>paneis</span> <span class='ocrx_word' id='word_1_191' title='bbox 897 3316 1080 3396; x_wconf 90' lang='lat' dir='ltr'>indigenis,</span> <span class='ocrx_word' id='word_1_192' title='bbox 1097 3318 1158 3398; x_wconf 93' lang='lat' dir='ltr'>qui</span> <span class='ocrx_word' id='word_1_193' title='bbox 1172 3337 1294 3402; x_wconf 89' lang='lat' dir='ltr'>super·</span> 
     </span>
     <span class='ocr_line' id='line_1_30' title="bbox 345 3413 1292 3496; baseline 0.007 -21"><span class='ocrx_word' id='word_1_194' title='bbox 345 3413 445 3475; x_wconf 87' lang='lat' dir='ltr'>stites</span> <span class='ocrx_word' id='word_1_195' title='bbox 456 3413 547 3476; x_wconf 90' lang='lat' dir='ltr'>cladi</span> <span class='ocrx_word' id='word_1_196' title='bbox 559 3414 734 3496; x_wconf 83' lang='lat' dir='ltr'>praedictae</span> <span class='ocrx_word' id='word_1_197' title='bbox 746 3413 896 3477; x_wconf 88' lang='lat' dir='ltr'>fuerunt.</span> <span class='ocrx_word' id='word_1_198' title='bbox 949 3414 1079 3478; x_wconf 90' lang='lat' dir='ltr'>Eodem</span> <span class='ocrx_word' id='word_1_199' title='bbox 1089 3417 1292 3482; x_wconf 86' lang='lat' dir='ltr'>annoCeol-</span> 
     </span>
     <span class='ocr_line' id='line_1_31' title="bbox 344 3511 1293 3596; baseline 0.009 -24"><span class='ocrx_word' id='word_1_200' title='bbox 344 3511 483 3587; x_wconf 89' lang='lat' dir='ltr'>nothus,</span> <span class='ocrx_word' id='word_1_201' title='bbox 497 3512 758 3577; x_wconf 89' lang='lat' dir='ltr'>Cantnariensis</span> <span class='ocrx_word' id='word_1_202' title='bbox 783 3512 1074 3596; x_wconf 86' lang='lat' dir='ltr'>archiepiscopus,</span> <span class='ocrx_word' id='word_1_203' title='bbox 1091 3514 1183 3578; x_wconf 90' lang='lat' dir='ltr'>diem</span> <span class='ocrx_word' id='word_1_204' title='bbox 1199 3517 1293 3581; x_wconf 86' lang='lat' dir='ltr'>clan-</span> 
     </span>
     <span class='ocr_line' id='line_1_32' title="bbox 343 3606 1290 3690; baseline 0.011 -19"><span class='ocrx_word' id='word_1_205' title='bbox 343 3608 389 3672; x_wconf 90' lang='lat' dir='ltr'>sit</span> <span class='ocrx_word' id='word_1_206' title='bbox 402 3618 608 3687; x_wconf 86' lang='lat' dir='ltr'>extremum,</span> <span class='ocrx_word' id='word_1_207' title='bbox 623 3612 680 3674; x_wconf 91' lang='lat' dir='ltr'>cui</span> <span class='ocrx_word' id='word_1_208' title='bbox 698 3613 865 3675; x_wconf 87' lang='lat' dir='ltr'>successit</span> <span class='ocrx_word' id='word_1_209' title='bbox 877 3606 1109 3690; x_wconf 78' lang='lat' dir='ltr'>¹EthelrcduS,</span> <span class='ocrx_word' id='word_1_210' title='bbox 1121 3615 1175 3678; x_wconf 86' lang='lat' dir='ltr'>vir</span> <span class='ocrx_word' id='word_1_211' title='bbox 1189 3636 1290 3681; x_wconf 87' lang='lat' dir='ltr'>vene-</span> 
     </span>
     <span class='ocr_line' id='line_1_33' title="bbox 342 3707 1235 3779; baseline 0.011 -11"><span class='ocrx_word' id='word_1_212' title='bbox 342 3707 471 3769; x_wconf 88' lang='lat' dir='ltr'>randus</span> <span class='ocrx_word' id='word_1_213' title='bbox 485 3715 520 3770; x_wconf 90' lang='lat' dir='ltr'>et</span> <span class='ocrx_word' id='word_1_214' title='bbox 535 3709 570 3770; x_wconf 94' lang='lat' dir='ltr'>in</span> <span class='ocrx_word' id='word_1_215' title='bbox 587 3709 688 3772; x_wconf 89' lang='lat' dir='ltr'>rebus</span> <span class='ocrx_word' id='word_1_216' title='bbox 703 3709 830 3773; x_wconf 87' lang='lat' dir='ltr'>divinis</span> <span class='ocrx_word' id='word_1_217' title='bbox 844 3710 1050 3775; x_wconf 89' lang='lat' dir='ltr'>sufficienter</span> <span class='ocrx_word' id='word_1_218' title='bbox 1067 3713 1235 3779; x_wconf 89' lang='lat' dir='ltr'>eruditus.</span> 
     </span>
    </p>
   </div>
   <div class='ocr_carea' id='block_1_3' title="bbox 335 3969 1289 4235">
    <p class='ocr_par' dir='ltr' id='par_1_3' title="bbox 335 3969 1289 4235">
     <span class='ocr_line' id='line_1_34' title="bbox 374 3969 1289 4044; baseline 0.015 -22"><span class='ocrx_word' id='word_1_219' title='bbox 374 3969 580 4042; x_wconf 76' lang='lat' dir='ltr'>&#39;Ethelredus,·]</span> <span class='ocrx_word' id='word_1_220' title='bbox 605 3976 687 4024; x_wconf 87' lang='lat' dir='ltr'>called</span> <span class='ocrx_word' id='word_1_221' title='bbox 710 3977 736 4023; x_wconf 88' lang='lat' dir='ltr'>iu</span> <span class='ocrx_word' id='word_1_222' title='bbox 759 3976 801 4026; x_wconf 87' lang='lat' dir='ltr'>the</span> <span class='ocrx_word' id='word_1_223' title='bbox 827 3979 993 4039; x_wconf 78' lang='lat' dir='ltr'>byllorence</span> <span class='ocrx_word' id='word_1_224' title='bbox 1011 3981 1037 4028; x_wconf 95' lang='lat' dir='ltr'>in</span> <span class='ocrx_word' id='word_1_225' title='bbox 1054 3985 1116 4044; x_wconf 80' lang='lat'>8893</span> <span class='ocrx_word' id='word_1_226' title='bbox 1135 3984 1155 4031; x_wconf 92' lang='lat' dir='ltr'>it</span> <span class='ocrx_word' id='word_1_227' title='bbox 1168 3989 1289 4037; x_wconf 86' lang='lat' dir='ltr'>occurred</span> 
     </span>
     <span class='ocr_line' id='line_1_35' title="bbox 337 4043 1289 4110; baseline 0.016 -18"><span class='ocrx_word' id='word_1_228' title='bbox 337 4043 397 4092; x_wconf 78' lang='lat' dir='ltr'>Sar.</span> <span class='ocrx_word' id='word_1_229' title='bbox 416 4043 510 4092; x_wconf 86' lang='lat' dir='ltr'>Chron.</span> <span class='ocrx_word' id='word_1_230' title='bbox 535 4045 699 4106; x_wconf 83' lang='lat' dir='ltr'>‘Aethered,’</span> <span class='ocrx_word' id='word_1_231' title='bbox 716 4047 800 4095; x_wconf 84' lang='lat' dir='ltr'>where</span> <span class='ocrx_word' id='word_1_232' title='bbox 825 4063 857 4096; x_wconf 92' lang='lat' dir='ltr'>on</span> <span class='ocrx_word' id='word_1_233' title='bbox 865 4048 965 4097; x_wconf 84' lang='lat' dir='ltr'>thelast</span> <span class='ocrx_word' id='word_1_234' title='bbox 973 4050 1024 4110; x_wconf 80' lang='lat' dir='ltr'>day</span> <span class='ocrx_word' id='word_1_235' title='bbox 1035 4051 1065 4099; x_wconf 86' lang='lat' dir='ltr'>of</span> <span class='ocrx_word' id='word_1_236' title='bbox 1069 4052 1146 4102; x_wconf 84' lang='lat' dir='ltr'>June.</span> <span class='ocrx_word' id='word_1_237' title='bbox 1170 4055 1289 4109; x_wconf 86' lang='lat' dir='ltr'>Obituar.</span> 
     </span>
     <span class='ocr_line' id='line_1_36' title="bbox 336 4111 1242 4185; baseline 0.017 -25"><span class='ocrx_word' id='word_1_238' title='bbox 336 4111 368 4161; x_wconf 90' lang='lat' dir='ltr'>he</span> <span class='ocrx_word' id='word_1_239' title='bbox 390 4114 412 4160; x_wconf 82' lang='lat' dir='ltr'>is</span> <span class='ocrx_word' id='word_1_240' title='bbox 430 4114 485 4162; x_wconf 89' lang='lat' dir='ltr'>said</span> <span class='ocrx_word' id='word_1_241' title='bbox 504 4118 529 4161; x_wconf 86' lang='lat' dir='ltr'>to</span> <span class='ocrx_word' id='word_1_242' title='bbox 549 4114 613 4163; x_wconf 86' lang='lat' dir='ltr'>have</span> <span class='ocrx_word' id='word_1_243' title='bbox 631 4116 690 4163; x_wconf 87' lang='lat' dir='ltr'>died</span> <span class='ocrx_word' id='word_1_244' title='bbox 705 4117 730 4164; x_wconf 91' lang='lat' dir='ltr'>iu</span> <span class='ocrx_word' id='word_1_245' title='bbox 742 4121 799 4166; x_wconf 82' lang='grc'><strong>888.</strong></span> <span class='ocrx_word' id='word_1_246' title='bbox 825 4119 945 4169; x_wconf 85' lang='lat' dir='ltr'>Cantuar.</span> <span class='ocrx_word' id='word_1_247' title='bbox 958 4119 1036 4182; x_wconf 78' lang='lat' dir='ltr'>Angl.</span> <span class='ocrx_word' id='word_1_248' title='bbox 1048 4121 1118 4171; x_wconf 87' lang='lat' dir='ltr'>Sacr.</span> <span class='ocrx_word' id='word_1_249' title='bbox 1131 4123 1150 4171; x_wconf 93' lang='lat' dir='ltr'>i.</span> <span class='ocrx_word' id='word_1_250' title='bbox 1162 4138 1189 4185; x_wconf 90' lang='lat' dir='ltr'>p.</span> <span class='ocrx_word' id='word_1_251' title='bbox 1201 4130 1242 4176; x_wconf 72' lang='lat'>58.</span> 
     </span>
     <span class='ocr_line' id='line_1_37' title="bbox 335 4181 797 4235; baseline 0.009 -4"><span class='ocrx_word' id='word_1_252' title='bbox 335 4181 386 4232; x_wconf 84' lang='lat' dir='ltr'>His</span> <span class='ocrx_word' id='word_1_253' title='bbox 398 4183 473 4232; x_wconf 86' lang='lat' dir='ltr'>death</span> <span class='ocrx_word' id='word_1_254' title='bbox 485 4184 507 4232; x_wconf 84' lang='lat' dir='ltr'>is</span> <span class='ocrx_word' id='word_1_255' title='bbox 518 4185 639 4234; x_wconf 90' lang='lat' dir='ltr'>recorded</span> <span class='ocrx_word' id='word_1_256' title='bbox 655 4186 736 4234; x_wconf 84' lang='lat' dir='ltr'>below</span> <span class='ocrx_word' id='word_1_257' title='bbox 748 4187 797 4235; x_wconf 88' lang='lat' dir='ltr'>and</span> 
     </span>
    </p>
   </div>
   <div class='ocr_carea' id='block_1_4' title="bbox 0 0 1504 5004">
    <p class='ocr_par' dir='ltr' id='par_1_4' title="bbox 0 0 1504 5004">
     <span class='ocr_line' id='line_1_38' title="bbox 0 0 1504 5004; baseline 0 6"><span class='ocrx_word' id='word_1_258' title='bbox 0 0 1504 5004; x_wconf 95' lang='lat' dir='ltr'> </span> 
     </span>
    </p>
   </div>
  </div>
 </body>
</html>
