<?xml version="1.0" encoding="UTF-8"?>
<!DOCTYPE html PUBLIC "-//W3C//DTD XHTML 1.0 Transitional//EN"
    "http://www.w3.org/TR/xhtml1/DTD/xhtml1-transitional.dtd">
<html xmlns="http://www.w3.org/1999/xhtml" xml:lang="en" lang="en">
 <head>
  <title>
</title>
<meta http-equiv="Content-Type" content="text/html;charset=utf-8" />
  <meta name='ocr-system' content='tesseract 3.04.00' />
  <meta name='ocr-capabilities' content='ocr_page ocr_carea ocr_par ocr_line ocrx_word'/>
</head>
<body>
  <div class='ocr_page' id='page_1' title='image "./rogeridewendove05rogegoog_0492.png"; bbox 0 0 3000 5004; ppageno 0'>
   <div class='ocr_carea' id='block_1_1' title="bbox 463 475 1153 538">
    <p class='ocr_par' dir='ltr' id='par_1_1' title="bbox 463 475 1153 538">
     <span class='ocr_line' id='line_1_1' title="bbox 463 475 1153 538; baseline 0.001 -2"><span class='ocrx_word' id='word_1_1' title='bbox 463 486 603 536; x_wconf 79' lang='lat' dir='ltr'><strong>ruoaus</strong></span> <span class='ocrx_word' id='word_1_2' title='bbox 627 486 894 537; x_wconf 75' lang='lat' dir='ltr'><strong>ursronrunuu.</strong></span> <span class='ocrx_word' id='word_1_3' title='bbox 1087 475 1153 538; x_wconf 83' lang='grc'><strong>447</strong></span> 
     </span>
    </p>
   </div>
   <div class='ocr_carea' id='block_1_2' title="bbox 201 643 1308 749">
    <p class='ocr_par' dir='ltr' id='par_1_2' title="bbox 201 643 1308 749">
     <span class='ocr_line' id='line_1_2' title="bbox 201 643 1308 749; baseline 0 -39"><span class='ocrx_word' id='word_1_4' title='bbox 201 655 249 723; x_wconf 89' lang='lat' dir='ltr'><strong>et,</strong></span> <span class='ocrx_word' id='word_1_5' title='bbox 264 645 407 710; x_wconf 87' lang='lat' dir='ltr'><strong>civitate</strong></span> <span class='ocrx_word' id='word_1_6' title='bbox 430 644 500 709; x_wconf 89' lang='lat' dir='ltr'><strong>levi</strong></span> <span class='ocrx_word' id='word_1_7' title='bbox 519 652 646 709; x_wconf 86' lang='lat' dir='ltr'><strong>conatu</strong></span> <span class='ocrx_word' id='word_1_8' title='bbox 668 643 869 728; x_wconf 82' lang='lat' dir='ltr'><strong>subjugata,</strong></span> <span class='ocrx_word' id='word_1_9' title='bbox 889 643 1091 709; x_wconf 89' lang='lat' dir='ltr'><strong>fidelitatem</strong></span> <span class='ocrx_word' id='word_1_10' title='bbox 1117 655 1152 710; x_wconf 89' lang='lat' dir='ltr'><strong>et</strong></span> <span class='ocrx_word' id='word_1_11' title='bbox 1164 658 1308 749; x_wconf 40' lang='lat' dir='ltr'><strong>managu</strong></span> 
     </span>
    </p>
   </div>
   <div class='ocr_carea' id='block_1_3' title="bbox 142 741 1218 3200">
    <p class='ocr_par' dir='ltr' id='par_1_3' title="bbox 142 741 1218 3200">
     <span class='ocr_line' id='line_1_3' title="bbox 201 741 1218 826; baseline -0.001 -17"><span class='ocrx_word' id='word_1_12' title='bbox 201 745 338 810; x_wconf 91' lang='lat' dir='ltr'><strong>obsides</strong></span> <span class='ocrx_word' id='word_1_13' title='bbox 355 745 435 808; x_wconf 92' lang='lat' dir='ltr'><strong>iude</strong></span> <span class='ocrx_word' id='word_1_14' title='bbox 451 745 602 826; x_wconf 82' lang='lat' dir='ltr'><strong>recepit3</strong></span> <span class='ocrx_word' id='word_1_15' title='bbox 621 763 663 807; x_wconf 90' lang='lat' dir='ltr'><strong>ac</strong></span> <span class='ocrx_word' id='word_1_16' title='bbox 675 741 1025 808; x_wconf 90' lang='lat' dir='ltr'><strong>deindeWintouiam</strong></span> <span class='ocrx_word' id='word_1_17' title='bbox 1039 753 1152 809; x_wconf 90' lang='lat' dir='ltr'><strong>trans-</strong></span> <span class='ocrx_word' id='word_1_18' title='bbox 1164 759 1218 799; x_wconf 74' lang='lat' dir='ltr'><strong>nm·</strong></span> 
     </span>
     <span class='ocr_line' id='line_1_4' title="bbox 201 843 1152 922; baseline 0.001 -14"><span class='ocrx_word' id='word_1_19' title='bbox 201 845 288 922; x_wconf 90' lang='lat' dir='ltr'><strong>iens,</strong></span> <span class='ocrx_word' id='word_1_20' title='bbox 316 863 394 907; x_wconf 89' lang='lat' dir='ltr'><strong>eam</strong></span> <span class='ocrx_word' id='word_1_21' title='bbox 421 844 583 919; x_wconf 87' lang='lat' dir='ltr'><strong>obtinuit,</strong></span> <span class='ocrx_word' id='word_1_22' title='bbox 608 850 643 906; x_wconf 92' lang='lat' dir='ltr'><strong>et</strong></span> <span class='ocrx_word' id='word_1_23' title='bbox 667 843 888 906; x_wconf 77' lang='lat' dir='ltr'>securitatem</span> <span class='ocrx_word' id='word_1_24' title='bbox 912 862 934 906; x_wconf 94' lang='lat' dir='ltr'><strong>a</strong></span> <span class='ocrx_word' id='word_1_25' title='bbox 956 844 1088 907; x_wconf 87' lang='lat' dir='ltr'><strong>civibus</strong></span> <span class='ocrx_word' id='word_1_26' title='bbox 1117 852 1152 909; x_wconf 94' lang='lat' dir='ltr'><strong>et</strong></span> 
     </span>
     <span class='ocr_line' id='line_1_5' title="bbox 201 941 1151 1025; baseline 0.003 -19"><span class='ocrx_word' id='word_1_27' title='bbox 201 943 484 1025; x_wconf 90' lang='lat' dir='ltr'><strong>provincialibus,</strong></span> <span class='ocrx_word' id='word_1_28' title='bbox 512 942 669 1024; x_wconf 84' lang='lat' dir='ltr'><strong>praestito</strong></span> <span class='ocrx_word' id='word_1_29' title='bbox 701 941 949 1025; x_wconf 89' lang='lat' dir='ltr'><strong>[jurament0],</strong></span> <span class='ocrx_word' id='word_1_30' title='bbox 990 946 1151 1009; x_wconf 82' lang='lat' dir='ltr'><strong>extorsit.</strong></span> 
     </span>
     <span class='ocr_line' id='line_1_6' title="bbox 202 1040 1152 1124; baseline 0.004 -19"><span class='ocrx_word' id='word_1_31' title='bbox 202 1042 302 1106; x_wconf 88' lang='lat' dir='ltr'><strong>Tunc</strong></span> <span class='ocrx_word' id='word_1_32' title='bbox 317 1062 395 1106; x_wconf 91' lang='lat' dir='ltr'><strong>cum</strong></span> <span class='ocrx_word' id='word_1_33' title='bbox 410 1043 523 1124; x_wconf 81' lang='lat' dir='ltr'><strong>gloria</strong></span> <span class='ocrx_word' id='word_1_34' title='bbox 544 1059 672 1122; x_wconf 84' lang='lat' dir='ltr'><strong>magna</strong></span> <span class='ocrx_word' id='word_1_35' title='bbox 695 1040 738 1103; x_wconf 92' lang='lat' dir='ltr'><strong>ad</strong></span> <span class='ocrx_word' id='word_1_36' title='bbox 759 1041 879 1103; x_wconf 91' lang='lat' dir='ltr'><strong>urbem</strong></span> <span class='ocrx_word' id='word_1_37' title='bbox 895 1040 1152 1109; x_wconf 88' lang='lat' dir='ltr'><strong>Londoniarum</strong></span> 
     </span>
     <span class='ocr_line' id='line_1_7' title="bbox 202 1139 1153 1224; baseline 0.005 -20"><span class='ocrx_word' id='word_1_38' title='bbox 202 1149 318 1205; x_wconf 86' lang='lat' dir='ltr'><strong>castra</strong></span> <span class='ocrx_word' id='word_1_39' title='bbox 343 1141 508 1223; x_wconf 85' lang='lat' dir='ltr'><strong>dirigens,</strong></span> <span class='ocrx_word' id='word_1_40' title='bbox 531 1140 650 1204; x_wconf 90' lang='lat' dir='ltr'><strong>multis</strong></span> <span class='ocrx_word' id='word_1_41' title='bbox 682 1139 793 1203; x_wconf 92' lang='lat' dir='ltr'><strong>modis</strong></span> <span class='ocrx_word' id='word_1_42' title='bbox 826 1159 903 1203; x_wconf 91' lang='lat' dir='ltr'><strong>eam</strong></span> <span class='ocrx_word' id='word_1_43' title='bbox 936 1159 1060 1224; x_wconf 86' lang='lat' dir='ltr'><strong>capere</strong></span> <span class='ocrx_word' id='word_1_44' title='bbox 1081 1145 1153 1209; x_wconf 90' lang='lat' dir='ltr'><strong>vio-</strong></span> 
     </span>
     <span class='ocr_line' id='line_1_8' title="bbox 201 1238 1152 1325; baseline 0.004 -22"><span class='ocrx_word' id='word_1_45' title='bbox 201 1240 314 1304; x_wconf 84' lang='lat' dir='ltr'><strong>lenter</strong></span> <span class='ocrx_word' id='word_1_46' title='bbox 339 1240 395 1304; x_wconf 88' lang='lat' dir='ltr'><strong>vel</strong></span> <span class='ocrx_word' id='word_1_47' title='bbox 424 1240 505 1304; x_wconf 93' lang='lat' dir='ltr'><strong>dolo</strong></span> <span class='ocrx_word' id='word_1_48' title='bbox 532 1238 667 1303; x_wconf 88' lang='lat' dir='ltr'><strong>studuit</strong></span> <span class='ocrx_word' id='word_1_49' title='bbox 695 1239 862 1314; x_wconf 90' lang='lat' dir='ltr'><strong>obtinere,</strong></span> <span class='ocrx_word' id='word_1_50' title='bbox 890 1239 950 1302; x_wconf 90' lang='lat' dir='ltr'><strong>sed</strong></span> <span class='ocrx_word' id='word_1_51' title='bbox 978 1241 1016 1304; x_wconf 91' lang='lat' dir='ltr'><strong>iu</strong></span> <span class='ocrx_word' id='word_1_52' title='bbox 1041 1243 1152 1325; x_wconf 89' lang='lat' dir='ltr'><strong>primo</strong></span> 
     </span>
     <span class='ocr_line' id='line_1_9' title="bbox 202 1336 1152 1406; baseline 0.004 -4"><span class='ocrx_word' id='word_1_53' title='bbox 202 1338 355 1403; x_wconf 86' lang='lat' dir='ltr'><strong>adventu</strong></span> <span class='ocrx_word' id='word_1_54' title='bbox 377 1358 441 1404; x_wconf 88' lang='lat' dir='ltr'><strong>suo</strong></span> <span class='ocrx_word' id='word_1_55' title='bbox 465 1338 565 1403; x_wconf 89' lang='lat' dir='ltr'><strong>multi</strong></span> <span class='ocrx_word' id='word_1_56' title='bbox 591 1356 733 1401; x_wconf 86' lang='lat' dir='ltr'><strong>suorum</strong></span> <span class='ocrx_word' id='word_1_57' title='bbox 760 1338 797 1401; x_wconf 93' lang='lat' dir='ltr'><strong>iu</strong></span> <span class='ocrx_word' id='word_1_58' title='bbox 823 1336 986 1402; x_wconf 86' lang='lat' dir='ltr'><strong>Tbamesi</strong></span> <span class='ocrx_word' id='word_1_59' title='bbox 1011 1340 1152 1406; x_wconf 87' lang='lat' dir='ltr'><strong>flumine</strong></span> 
     </span>
     <span class='ocr_line' id='line_1_10' title="bbox 203 1436 1153 1523; baseline 0.004 -22"><span class='ocrx_word' id='word_1_60' title='bbox 203 1438 372 1502; x_wconf 85' lang='lat' dir='ltr'><strong>submersi</strong></span> <span class='ocrx_word' id='word_1_61' title='bbox 397 1438 585 1521; x_wconf 88' lang='lat' dir='ltr'><strong>perierunt,</strong></span> <span class='ocrx_word' id='word_1_62' title='bbox 608 1438 702 1519; x_wconf 91' lang='lat' dir='ltr'><strong>quia,</strong></span> <span class='ocrx_word' id='word_1_63' title='bbox 723 1436 830 1500; x_wconf 90' lang='lat' dir='ltr'><strong>nimia</strong></span> <span class='ocrx_word' id='word_1_64' title='bbox 852 1438 1047 1504; x_wconf 82' lang='lat' dir='ltr'><strong>temeritate</strong></span> <span class='ocrx_word' id='word_1_65' title='bbox 1063 1460 1153 1523; x_wconf 84' lang='lat' dir='ltr'><strong>prae·</strong></span> 
     </span>
     <span class='ocr_line' id='line_1_11' title="bbox 202 1534 1153 1620; baseline 0.001 -19"><span class='ocrx_word' id='word_1_66' title='bbox 202 1538 311 1615; x_wconf 85' lang='lat' dir='ltr'><strong>venti,</strong></span> <span class='ocrx_word' id='word_1_67' title='bbox 339 1557 403 1602; x_wconf 93' lang='lat' dir='ltr'><strong>nec</strong></span> <span class='ocrx_word' id='word_1_68' title='bbox 430 1545 571 1620; x_wconf 92' lang='lat' dir='ltr'><strong>pontem</strong></span> <span class='ocrx_word' id='word_1_69' title='bbox 603 1555 668 1599; x_wconf 93' lang='lat' dir='ltr'><strong>nec</strong></span> <span class='ocrx_word' id='word_1_70' title='bbox 692 1534 820 1599; x_wconf 87' lang='lat' dir='ltr'><strong>vadum</strong></span> <span class='ocrx_word' id='word_1_71' title='bbox 850 1556 1006 1617; x_wconf 85' lang='lat' dir='ltr'><strong>quaerera</strong></span> <span class='ocrx_word' id='word_1_72' title='bbox 1034 1540 1153 1604; x_wconf 79' lang='lat' dir='ltr'><strong>volue-</strong></span> 
     </span>
     <span class='ocr_line' id='line_1_12' title="bbox 203 1634 1153 1716; baseline 0.005 -18"><span class='ocrx_word' id='word_1_73' title='bbox 203 1644 297 1700; x_wconf 92' lang='lat' dir='ltr'><strong>runt.</strong></span> <span class='ocrx_word' id='word_1_74' title='bbox 365 1637 446 1701; x_wconf 83' lang='lat' dir='ltr'><strong>Rex</strong></span> <span class='ocrx_word' id='word_1_75' title='bbox 479 1635 698 1712; x_wconf 89' lang='lat' dir='ltr'><strong>Ethelredus,</strong></span> <span class='ocrx_word' id='word_1_76' title='bbox 730 1634 790 1716; x_wconf 93' lang='lat' dir='ltr'><strong>qui</strong></span> <span class='ocrx_word' id='word_1_77' title='bbox 825 1635 861 1697; x_wconf 94' lang='lat' dir='ltr'><strong>in</strong></span> <span class='ocrx_word' id='word_1_78' title='bbox 895 1636 1036 1711; x_wconf 88' lang='lat' dir='ltr'><strong>civitate</strong></span> <span class='ocrx_word' id='word_1_79' title='bbox 1069 1647 1153 1702; x_wconf 93' lang='lat' dir='ltr'><strong>tunc</strong></span> 
     </span>
     <span class='ocr_line' id='line_1_13' title="bbox 204 1728 1153 1816; baseline 0.004 -17"><span class='ocrx_word' id='word_1_80' title='bbox 204 1742 291 1812; x_wconf 88' lang='lat' dir='ltr'><strong>erat,</strong></span> <span class='ocrx_word' id='word_1_81' title='bbox 322 1728 418 1799; x_wconf 92' lang='lat' dir='ltr'><strong>¹cum</strong></span> <span class='ocrx_word' id='word_1_82' title='bbox 458 1736 591 1800; x_wconf 86' lang='lat' dir='ltr'><strong>civibus</strong></span> <span class='ocrx_word' id='word_1_83' title='bbox 621 1733 752 1798; x_wconf 88' lang='lat' dir='ltr'><strong>moenia</strong></span> <span class='ocrx_word' id='word_1_84' title='bbox 781 1733 926 1797; x_wconf 85' lang='lat' dir='ltr'><strong>viriliter</strong></span> <span class='ocrx_word' id='word_1_85' title='bbox 956 1736 1153 1816; x_wconf 87' lang='lat' dir='ltr'><strong>defendens,</strong></span> 
     </span>
     <span class='ocr_line' id='line_1_14' title="bbox 204 1832 1153 1918; baseline 0.004 -21"><span class='ocrx_word' id='word_1_86' title='bbox 204 1852 340 1898; x_wconf 89' lang='lat' dir='ltr'><strong>omnem</strong></span> <span class='ocrx_word' id='word_1_87' title='bbox 356 1835 473 1899; x_wconf 90' lang='lat' dir='ltr'><strong>Suano</strong></span> <span class='ocrx_word' id='word_1_88' title='bbox 495 1853 591 1917; x_wconf 90' lang='lat' dir='ltr'><strong>spem</strong></span> <span class='ocrx_word' id='word_1_89' title='bbox 613 1832 791 1897; x_wconf 89' lang='lat' dir='ltr'><strong>obtinendi</strong></span> <span class='ocrx_word' id='word_1_90' title='bbox 813 1832 990 1899; x_wconf 82' lang='lat' dir='ltr'><strong>civitatem</strong></span> <span class='ocrx_word' id='word_1_91' title='bbox 1006 1837 1153 1918; x_wconf 82' lang='lat' dir='ltr'><strong>ademit3</strong></span> 
     </span>
     <span class='ocr_line' id='line_1_15' title="bbox 142 1932 1155 2017; baseline 0.001 -17"><span class='ocrx_word' id='word_1_92' title='bbox 142 1990 150 2001; x_wconf 93' lang='lat'><strong>.</strong></span> <span class='ocrx_word' id='word_1_93' title='bbox 204 1935 264 2014; x_wconf 93' lang='lat' dir='ltr'><strong>qui</strong></span> <span class='ocrx_word' id='word_1_94' title='bbox 289 1934 493 1997; x_wconf 78' lang='lat' dir='ltr'><strong>festinanter</strong></span> <span class='ocrx_word' id='word_1_95' title='bbox 519 1932 601 1996; x_wconf 90' lang='lat' dir='ltr'><strong>inde</strong></span> <span class='ocrx_word' id='word_1_96' title='bbox 625 1932 800 2008; x_wconf 86' lang='lat' dir='ltr'><strong>recedens,</strong></span> <span class='ocrx_word' id='word_1_97' title='bbox 828 1934 924 2014; x_wconf 87' lang='lat' dir='ltr'><strong>prins</strong></span> <span class='ocrx_word' id='word_1_98' title='bbox 951 1936 1043 2017; x_wconf 89' lang='lat' dir='ltr'><strong>apud</strong></span> <span class='ocrx_word' id='word_1_99' title='bbox 1069 1937 1155 2000; x_wconf 91' lang='lat' dir='ltr'><strong>Wa-</strong></span> 
     </span>
     <span class='ocr_line' id='line_1_16' title="bbox 203 2030 1153 2114; baseline 0.004 -20"><span class='ocrx_word' id='word_1_100' title='bbox 203 2031 388 2114; x_wconf 83' lang='lat' dir='ltr'><strong>lingsorde,</strong></span> <span class='ocrx_word' id='word_1_101' title='bbox 411 2052 453 2096; x_wconf 91' lang='lat' dir='ltr'><strong>ac</strong></span> <span class='ocrx_word' id='word_1_102' title='bbox 475 2031 599 2095; x_wconf 92' lang='lat' dir='ltr'><strong>deinde</strong></span> <span class='ocrx_word' id='word_1_103' title='bbox 631 2030 675 2094; x_wconf 97' lang='lat' dir='ltr'><strong>ad</strong></span> <span class='ocrx_word' id='word_1_104' title='bbox 697 2030 919 2107; x_wconf 89' lang='lat' dir='ltr'><strong>Batboniam,</strong></span> <span class='ocrx_word' id='word_1_105' title='bbox 948 2035 1073 2097; x_wconf 90' lang='lat' dir='ltr'><strong>canina</strong></span> <span class='ocrx_word' id='word_1_106' title='bbox 1096 2055 1153 2098; x_wconf 87' lang='lat' dir='ltr'><strong>ra·</strong></span> 
     </span>
     <span class='ocr_line' id='line_1_17' title="bbox 204 2129 1154 2211; baseline 0.005 -18"><span class='ocrx_word' id='word_1_107' title='bbox 204 2131 260 2195; x_wconf 92' lang='lat' dir='ltr'><strong>bie</strong></span> <span class='ocrx_word' id='word_1_108' title='bbox 283 2131 457 2196; x_wconf 70' lang='lat' dir='ltr'><strong>saeviendo</strong></span> <span class='ocrx_word' id='word_1_109' title='bbox 485 2137 521 2194; x_wconf 92' lang='lat' dir='ltr'><strong>et</strong></span> <span class='ocrx_word' id='word_1_110' title='bbox 549 2129 654 2194; x_wconf 88' lang='lat' dir='ltr'><strong>obvia</strong></span> <span class='ocrx_word' id='word_1_111' title='bbox 680 2130 746 2193; x_wconf 88' lang='lat' dir='ltr'><strong>sibi</strong></span> <span class='ocrx_word' id='word_1_112' title='bbox 769 2148 918 2211; x_wconf 84' lang='lat' dir='ltr'><strong>quaeque</strong></span> <span class='ocrx_word' id='word_1_113' title='bbox 945 2133 1154 2198; x_wconf 88' lang='lat' dir='ltr'><strong>conterendo</strong></span> 
     </span>
     <span class='ocr_line' id='line_1_18' title="bbox 205 2227 1154 2313; baseline 0.001 -19"><span class='ocrx_word' id='word_1_114' title='bbox 205 2249 406 2313; x_wconf 88' lang='lat' dir='ltr'><strong>properans,</strong></span> <span class='ocrx_word' id='word_1_115' title='bbox 436 2229 628 2294; x_wconf 86' lang='lat' dir='ltr'><strong>exercitum</strong></span> <span class='ocrx_word' id='word_1_116' title='bbox 660 2247 761 2292; x_wconf 91' lang='lat' dir='ltr'><strong>suum</strong></span> <span class='ocrx_word' id='word_1_117' title='bbox 792 2227 1000 2309; x_wconf 80' lang='lat' dir='ltr'><strong>refrigerans</strong></span> <span class='ocrx_word' id='word_1_118' title='bbox 1028 2231 1154 2295; x_wconf 89' lang='lat' dir='ltr'><strong>ibidem</strong></span> 
     </span>
     <span class='ocr_line' id='line_1_19' title="bbox 206 2325 1154 2410; baseline 0.001 -17"><span class='ocrx_word' id='word_1_119' title='bbox 206 2329 407 2410; x_wconf 79' lang='lat' dir='ltr'><strong>aliquandiu</strong></span> <span class='ocrx_word' id='word_1_120' title='bbox 439 2328 661 2406; x_wconf 87' lang='lat' dir='ltr'><strong>morabatur;</strong></span> <span class='ocrx_word' id='word_1_121' title='bbox 693 2325 752 2390; x_wconf 92' lang='lat' dir='ltr'><strong>ubi</strong></span> <span class='ocrx_word' id='word_1_122' title='bbox 780 2346 894 2390; x_wconf 89' lang='lat' dir='ltr'><strong>comes</strong></span> <span class='ocrx_word' id='word_1_123' title='bbox 923 2327 1154 2394; x_wconf 89' lang='lat' dir='ltr'><strong>Devonieusis</strong></span> 
     </span>
     <span class='ocr_line' id='line_1_20' title="bbox 205 2425 1154 2512; baseline 0.002 -21"><span class='ocrx_word' id='word_1_124' title='bbox 205 2425 383 2505; x_wconf 85' lang='lat' dir='ltr'><strong>Almams,</strong></span> <span class='ocrx_word' id='word_1_125' title='bbox 405 2435 441 2491; x_wconf 91' lang='lat' dir='ltr'><strong>et</strong></span> <span class='ocrx_word' id='word_1_126' title='bbox 465 2445 585 2491; x_wconf 90' lang='lat' dir='ltr'><strong>omues</strong></span> <span class='ocrx_word' id='word_1_127' title='bbox 609 2425 833 2490; x_wconf 88' lang='lat' dir='ltr'><strong>occidentalis</strong></span> <span class='ocrx_word' id='word_1_128' title='bbox 858 2428 957 2509; x_wconf 82' lang='lat' dir='ltr'><strong>regni</strong></span> <span class='ocrx_word' id='word_1_129' title='bbox 981 2437 1154 2512; x_wconf 87' lang='lat' dir='ltr'><strong>potentes,</strong></span> 
     </span>
     <span class='ocr_line' id='line_1_21' title="bbox 204 2524 1155 2609; baseline 0.002 -19"><span class='ocrx_word' id='word_1_130' title='bbox 204 2545 283 2590; x_wconf 92' lang='lat' dir='ltr'><strong>cum</strong></span> <span class='ocrx_word' id='word_1_131' title='bbox 299 2527 405 2609; x_wconf 82' lang='lat' dir='ltr'><strong>regiis</strong></span> <span class='ocrx_word' id='word_1_132' title='bbox 421 2526 601 2603; x_wconf 85' lang='lat' dir='ltr'><strong>ministris,</strong></span> <span class='ocrx_word' id='word_1_133' title='bbox 616 2525 692 2608; x_wconf 90' lang='lat' dir='ltr'><strong>ejus</strong></span> <span class='ocrx_word' id='word_1_134' title='bbox 710 2524 929 2608; x_wconf 90' lang='lat' dir='ltr'><strong>tyrannidem</strong></span> <span class='ocrx_word' id='word_1_135' title='bbox 949 2536 1155 2605; x_wconf 89' lang='lat' dir='ltr'><strong>metuentes,</strong></span> 
     </span>
     <span class='ocr_line' id='line_1_22' title="bbox 207 2625 1156 2706; baseline 0 -16"><span class='ocrx_word' id='word_1_136' title='bbox 207 2633 375 2690; x_wconf 80' lang='lat' dir='ltr'><strong>venerunt</strong></span> <span class='ocrx_word' id='word_1_137' title='bbox 401 2626 445 2690; x_wconf 91' lang='lat' dir='ltr'><strong>ad</strong></span> <span class='ocrx_word' id='word_1_138' title='bbox 469 2645 560 2703; x_wconf 92' lang='lat' dir='ltr'><strong>eum,</strong></span> <span class='ocrx_word' id='word_1_139' title='bbox 576 2631 611 2688; x_wconf 92' lang='lat' dir='ltr'><strong>et</strong></span> <span class='ocrx_word' id='word_1_140' title='bbox 633 2642 754 2706; x_wconf 91' lang='lat' dir='ltr'><strong>pacem</strong></span> <span class='ocrx_word' id='word_1_141' title='bbox 771 2644 850 2688; x_wconf 94' lang='lat' dir='ltr'><strong>cum</strong></span> <span class='ocrx_word' id='word_1_142' title='bbox 866 2625 957 2690; x_wconf 89' lang='lat' dir='ltr'><strong>datis</strong></span> <span class='ocrx_word' id='word_1_143' title='bbox 979 2628 1156 2692; x_wconf 91' lang='lat' dir='ltr'><strong>obsidibus</strong></span> 
     </span>
     <span class='ocr_line' id='line_1_23' title="bbox 206 2722 1157 2808; baseline 0.002 -19"><span class='ocrx_word' id='word_1_144' title='bbox 206 2726 250 2789; x_wconf 91' lang='lat' dir='ltr'><strong>ab</strong></span> <span class='ocrx_word' id='word_1_145' title='bbox 266 2745 308 2789; x_wconf 93' lang='lat' dir='ltr'><strong>eo</strong></span> <span class='ocrx_word' id='word_1_146' title='bbox 323 2725 542 2808; x_wconf 82' lang='lat' dir='ltr'><strong>pepigerunt.</strong></span> <span class='ocrx_word' id='word_1_147' title='bbox 591 2722 759 2786; x_wconf 91' lang='lat' dir='ltr'><strong>Omnibus</strong></span> <span class='ocrx_word' id='word_1_148' title='bbox 775 2723 882 2804; x_wconf 78' lang='lat' dir='ltr'><strong>igitur</strong></span> <span class='ocrx_word' id='word_1_149' title='bbox 896 2746 960 2808; x_wconf 90' lang='lat' dir='ltr'><strong>pro</strong></span> <span class='ocrx_word' id='word_1_150' title='bbox 975 2728 1157 2792; x_wconf 88' lang='lat' dir='ltr'><strong>voluntate</strong></span> 
     </span>
     <span class='ocr_line' id='line_1_24' title="bbox 206 2822 1157 2906; baseline 0.003 -19"><span class='ocrx_word' id='word_1_151' title='bbox 206 2824 242 2888; x_wconf 92' lang='lat' dir='ltr'><strong>iu</strong></span> <span class='ocrx_word' id='word_1_152' title='bbox 261 2843 370 2905; x_wconf 82' lang='lat' dir='ltr'><strong>regno</strong></span> <span class='ocrx_word' id='word_1_153' title='bbox 390 2822 582 2906; x_wconf 86' lang='lat' dir='ltr'><strong>dispositis,</strong></span> <span class='ocrx_word' id='word_1_154' title='bbox 608 2841 687 2885; x_wconf 94' lang='lat' dir='ltr'><strong>cum</strong></span> <span class='ocrx_word' id='word_1_155' title='bbox 712 2823 882 2885; x_wconf 90' lang='lat' dir='ltr'><strong>neminem</strong></span> <span class='ocrx_word' id='word_1_156' title='bbox 906 2824 973 2889; x_wconf 92' lang='lat' dir='ltr'><strong>sibi</strong></span> <span class='ocrx_word' id='word_1_157' title='bbox 997 2827 1157 2890; x_wconf 82' lang='lat' dir='ltr'><strong>resistere</strong></span> 
     </span>
     <span class='ocr_line' id='line_1_25' title="bbox 206 2920 1157 3007; baseline 0.001 -20"><span class='ocrx_word' id='word_1_158' title='bbox 206 2923 440 3004; x_wconf 80' lang='lat' dir='ltr'><strong>cognovisset,</strong></span> <span class='ocrx_word' id='word_1_159' title='bbox 472 2941 589 3003; x_wconf 82' lang='lat' dir='ltr'><strong>regem</strong></span> <span class='ocrx_word' id='word_1_160' title='bbox 613 2920 753 3001; x_wconf 79' lang='lat' dir='ltr'><strong>Angliae</strong></span> <span class='ocrx_word' id='word_1_161' title='bbox 779 2940 817 2984; x_wconf 91' lang='lat' dir='ltr'><strong>se</strong></span> <span class='ocrx_word' id='word_1_162' title='bbox 844 2920 953 3003; x_wconf 87' lang='lat' dir='ltr'><strong>jussit</strong></span> <span class='ocrx_word' id='word_1_163' title='bbox 977 2924 1157 3007; x_wconf 85' lang='lat' dir='ltr'><strong>appellari,</strong></span> 
     </span>
     <span class='ocr_line' id='line_1_26' title="bbox 206 3019 1159 3102; baseline -0.001 -17"><span class='ocrx_word' id='word_1_164' title='bbox 206 3041 283 3086; x_wconf 94' lang='lat' dir='ltr'><strong>cum</strong></span> <span class='ocrx_word' id='word_1_165' title='bbox 306 3040 377 3085; x_wconf 92' lang='lat' dir='ltr'><strong>nou</strong></span> <span class='ocrx_word' id='word_1_166' title='bbox 405 3028 497 3084; x_wconf 88' lang='lat' dir='ltr'><strong>esset</strong></span> <span class='ocrx_word' id='word_1_167' title='bbox 524 3020 626 3095; x_wconf 87' lang='lat' dir='ltr'><strong>alius,</strong></span> <span class='ocrx_word' id='word_1_168' title='bbox 646 3020 706 3101; x_wconf 92' lang='lat' dir='ltr'><strong>qui</strong></span> <span class='ocrx_word' id='word_1_169' title='bbox 727 3037 790 3101; x_wconf 90' lang='lat' dir='ltr'><strong>pro</strong></span> <span class='ocrx_word' id='word_1_170' title='bbox 812 3019 893 3101; x_wconf 86' lang='lat' dir='ltr'><strong>jure</strong></span> <span class='ocrx_word' id='word_1_171' title='bbox 918 3022 1017 3102; x_wconf 80' lang='lat' dir='ltr'><strong>regni</strong></span> <span class='ocrx_word' id='word_1_172' title='bbox 1042 3022 1159 3086; x_wconf 88' lang='lat' dir='ltr'><strong>decer-</strong></span> 
     </span>
     <span class='ocr_line' id='line_1_27' title="bbox 209 3117 1000 3200; baseline -0.005 -15"><span class='ocrx_word' id='word_1_173' title='bbox 209 3127 300 3185; x_wconf 90' lang='lat' dir='ltr'><strong>taret</strong></span> <span class='ocrx_word' id='word_1_174' title='bbox 314 3119 371 3184; x_wconf 91' lang='lat' dir='ltr'><strong>vel</strong></span> <span class='ocrx_word' id='word_1_175' title='bbox 389 3139 427 3182; x_wconf 89' lang='lat' dir='ltr'><strong>se</strong></span> <span class='ocrx_word' id='word_1_176' title='bbox 441 3138 558 3200; x_wconf 78' lang='lat' dir='ltr'><strong>regem</strong></span> <span class='ocrx_word' id='word_1_177' title='bbox 575 3117 732 3183; x_wconf 88' lang='lat' dir='ltr'><strong>confiteri</strong></span> <span class='ocrx_word' id='word_1_178' title='bbox 746 3136 852 3181; x_wconf 89' lang='lat' dir='ltr'><strong>ausus</strong></span> <span class='ocrx_word' id='word_1_179' title='bbox 869 3117 1000 3184; x_wconf 87' lang='lat' dir='ltr'><strong>fuisset.</strong></span> 
     </span>
    </p>
   </div>
   <div class='ocr_carea' id='block_1_4' title="bbox 231 3289 1223 3376">
    <p class='ocr_par' dir='ltr' id='par_1_4' title="bbox 231 3289 1223 3376">
     <span class='ocr_line' id='line_1_28' title="bbox 231 3289 1223 3376; baseline 0.002 -22"><span class='ocrx_word' id='word_1_180' title='bbox 231 3289 320 3372; x_wconf 73' lang='lat' dir='ltr'><strong>Quod</strong></span> <span class='ocrx_word' id='word_1_181' title='bbox 334 3312 388 3356; x_wconf 73' lang='lat' dir='ltr'><strong>ren</strong></span> <span class='ocrx_word' id='word_1_182' title='bbox 401 3290 588 3356; x_wconf 74' lang='lat' dir='ltr'><strong>Etdalredua</strong></span> <span class='ocrx_word' id='word_1_183' title='bbox 604 3291 639 3355; x_wconf 78' lang='lat' dir='ltr'><strong>in</strong></span> <span class='ocrx_word' id='word_1_184' title='bbox 655 3289 888 3356; x_wconf 67' lang='lat' dir='ltr'><strong>Noouanton</strong></span> <span class='ocrx_word' id='word_1_185' title='bbox 904 3292 1131 3376; x_wconf 76' lang='lat' dir='ltr'><strong>transfretavit.</strong></span> <span class='ocrx_word' id='word_1_186' title='bbox 1219 3340 1223 3348; x_wconf 89' lang='lat'><strong>.</strong></span> 
     </span>
    </p>
   </div>
   <div class='ocr_carea' id='block_1_5' title="bbox 204 3411 1321 3888">
    <p class='ocr_par' dir='ltr' id='par_1_5' title="bbox 204 3411 1321 3888">
     <span class='ocr_line' id='line_1_29' title="bbox 260 3411 1297 3526; baseline -0.003 -48"><span class='ocrx_word' id='word_1_187' title='bbox 260 3414 358 3479; x_wconf 89' lang='lat' dir='ltr'><strong>Inter</strong></span> <span class='ocrx_word' id='word_1_188' title='bbox 383 3415 458 3479; x_wconf 83' lang='lat' dir='ltr'><strong>baec</strong></span> <span class='ocrx_word' id='word_1_189' title='bbox 488 3415 617 3493; x_wconf 90' lang='lat' dir='ltr'><strong>omnia,</strong></span> <span class='ocrx_word' id='word_1_190' title='bbox 642 3433 705 3478; x_wconf 89' lang='lat' dir='ltr'><strong>rex</strong></span> <span class='ocrx_word' id='word_1_191' title='bbox 728 3411 921 3494; x_wconf 80' lang='lat' dir='ltr'><strong>Anglorum</strong></span> <span class='ocrx_word' id='word_1_192' title='bbox 953 3413 1297 3526; x_wconf 52' lang='lat' dir='ltr'><strong>Ethelredusgrrmaarm</strong></span> 
     </span>
     <span class='ocr_line' id='line_1_30' title="bbox 204 3484 1321 3597; baseline 0.001 -19"><span class='ocrx_word' id='word_1_193' title='bbox 204 3512 348 3597; x_wconf 86' lang='lat' dir='ltr'><strong>jacebat</strong></span> <span class='ocrx_word' id='word_1_194' title='bbox 379 3515 415 3578; x_wconf 92' lang='lat' dir='ltr'><strong>in</strong></span> <span class='ocrx_word' id='word_1_195' title='bbox 446 3515 531 3578; x_wconf 89' lang='lat' dir='ltr'><strong>urbe</strong></span> <span class='ocrx_word' id='word_1_196' title='bbox 558 3513 828 3589; x_wconf 87' lang='lat' dir='ltr'><strong>Loudoniarum,</strong></span> <span class='ocrx_word' id='word_1_197' title='bbox 852 3512 978 3576; x_wconf 85' lang='lat' dir='ltr'><strong>inertia</strong></span> <span class='ocrx_word' id='word_1_198' title='bbox 1006 3520 1160 3596; x_wconf 90' lang='lat' dir='ltr'><strong>torpens,</strong></span> <span class='ocrx_word' id='word_1_199' title='bbox 1201 3484 1321 3527; x_wconf 53' lang='lat' dir='ltr'><strong>mm</strong></span> 
     </span>
     <span class='ocr_line' id='line_1_31' title="bbox 208 3611 1160 3695; baseline 0.001 -18"><span class='ocrx_word' id='word_1_200' title='bbox 208 3612 350 3677; x_wconf 86' lang='lat' dir='ltr'><strong>timidus</strong></span> <span class='ocrx_word' id='word_1_201' title='bbox 373 3621 408 3678; x_wconf 93' lang='lat' dir='ltr'><strong>et</strong></span> <span class='ocrx_word' id='word_1_202' title='bbox 426 3612 651 3695; x_wconf 88' lang='lat' dir='ltr'><strong>suspiciosus,</strong></span> <span class='ocrx_word' id='word_1_203' title='bbox 665 3619 770 3694; x_wconf 85' lang='lat' dir='ltr'><strong>atque</strong></span> <span class='ocrx_word' id='word_1_204' title='bbox 793 3611 879 3673; x_wconf 92' lang='lat' dir='ltr'><strong>nulli</strong></span> <span class='ocrx_word' id='word_1_205' title='bbox 893 3631 931 3675; x_wconf 89' lang='lat' dir='ltr'><strong>se</strong></span> <span class='ocrx_word' id='word_1_206' title='bbox 945 3613 1160 3678; x_wconf 87' lang='lat' dir='ltr'><strong>committere</strong></span> 
     </span>
     <span class='ocr_line' id='line_1_32' title="bbox 209 3705 1163 3792; baseline 0.003 -18"><span class='ocrx_word' id='word_1_207' title='bbox 209 3705 398 3789; x_wconf 86' lang='lat' dir='ltr'><strong>ausus,²de</strong></span> <span class='ocrx_word' id='word_1_208' title='bbox 414 3720 525 3778; x_wconf 85' lang='lat' dir='ltr'><strong>morte</strong></span> <span class='ocrx_word' id='word_1_209' title='bbox 540 3711 657 3777; x_wconf 85' lang='lat' dir='ltr'><strong>fratris</strong></span> <span class='ocrx_word' id='word_1_210' title='bbox 675 3712 730 3774; x_wconf 88' lang='lat' dir='ltr'><strong>sui</strong></span> <span class='ocrx_word' id='word_1_211' title='bbox 742 3710 854 3774; x_wconf 89' lang='lat' dir='ltr'><strong>sancti</strong></span> <span class='ocrx_word' id='word_1_212' title='bbox 870 3710 961 3792; x_wconf 78' lang='lat' dir='ltr'><strong>regis</strong></span> <span class='ocrx_word' id='word_1_213' title='bbox 976 3711 1163 3777; x_wconf 90' lang='lat' dir='ltr'><strong>Eadwardi</strong></span> 
     </span>
     <span class='ocr_line' id='line_1_33' title="bbox 207 3809 1162 3888; baseline 0.002 -13"><span class='ocrx_word' id='word_1_214' title='bbox 207 3811 454 3875; x_wconf 87' lang='lat' dir='ltr'><strong>conscientiam</strong></span> <span class='ocrx_word' id='word_1_215' title='bbox 484 3812 613 3875; x_wconf 92' lang='lat' dir='ltr'><strong>babens</strong></span> <span class='ocrx_word' id='word_1_216' title='bbox 643 3809 883 3888; x_wconf 86' lang='lat' dir='ltr'><strong>cauteriatam,</strong></span> <span class='ocrx_word' id='word_1_217' title='bbox 915 3813 1091 3876; x_wconf 89' lang='lat' dir='ltr'><strong>metuebat</strong></span> <span class='ocrx_word' id='word_1_218' title='bbox 1118 3833 1162 3877; x_wconf 93' lang='lat' dir='ltr'><strong>ne</strong></span> 
     </span>
    </p>
   </div>
   <div class='ocr_carea' id='block_1_6' title="bbox 206 4046 1166 4326">
    <p class='ocr_par' dir='ltr' id='par_1_6' title="bbox 206 4046 1166 4326">
     <span class='ocr_line' id='line_1_34' title="bbox 244 4046 1163 4120; baseline 0.002 -20"><span class='ocrx_word' id='word_1_219' title='bbox 244 4050 324 4101; x_wconf 75' lang='lat' dir='ltr'><strong>&#39;Cum</strong></span> <span class='ocrx_word' id='word_1_220' title='bbox 342 4046 458 4120; x_wconf 64' lang='lat' dir='ltr'><strong>civim]</strong></span> <span class='ocrx_word' id='word_1_221' title='bbox 480 4053 535 4101; x_wconf 84' lang='lat' dir='ltr'><strong>The</strong></span> <span class='ocrx_word' id='word_1_222' title='bbox 552 4051 634 4113; x_wconf 81' lang='lat' dir='ltr'><strong>sasety</strong></span> <span class='ocrx_word' id='word_1_223' title='bbox 645 4052 674 4100; x_wconf 83' lang='lat' dir='ltr'><strong>of</strong></span> <span class='ocrx_word' id='word_1_224' title='bbox 696 4051 991 4101; x_wconf 75' lang='lat' dir='ltr'><strong>merewiunethelreu.</strong></span> <span class='ocrx_word' id='word_1_225' title='bbox 1001 4052 1163 4103; x_wconf 63' lang='lat' dir='ltr'><strong>Samonion.</strong></span> 
     </span>
     <span class='ocr_line' id='line_1_35' title="bbox 207 4117 1165 4183; baseline 0.001 -14"><span class='ocrx_word' id='word_1_226' title='bbox 207 4121 312 4170; x_wconf 82' lang='lat' dir='ltr'><strong>Loudon</strong></span> <span class='ocrx_word' id='word_1_227' title='bbox 324 4136 379 4170; x_wconf 84' lang='lat' dir='ltr'><strong>was</strong></span> <span class='ocrx_word' id='word_1_228' title='bbox 390 4121 513 4183; x_wconf 79' lang='lat' dir='ltr'><strong>probably</strong></span> <span class='ocrx_word' id='word_1_229' title='bbox 520 4122 606 4183; x_wconf 74' lang='lat' dir='ltr'><strong>owing</strong></span> <span class='ocrx_word' id='word_1_230' title='bbox 619 4122 671 4169; x_wconf 85' lang='lat' dir='ltr'><strong>inu</strong></span> <span class='ocrx_word' id='word_1_231' title='bbox 733 4117 792 4168; x_wconf 80' lang='lat' dir='ltr'><strong>&#39;De</strong></span> <span class='ocrx_word' id='word_1_232' title='bbox 804 4120 1000 4183; x_wconf 64' lang='lat' dir='ltr'><strong>utortefratrir]</strong></span> <span class='ocrx_word' id='word_1_233' title='bbox 1016 4120 1078 4168; x_wconf 86' lang='lat' dir='ltr'><strong>This</strong></span> <span class='ocrx_word' id='word_1_234' title='bbox 1090 4136 1165 4182; x_wconf 86' lang='lat' dir='ltr'><strong>pura·</strong></span> 
     </span>
     <span class='ocr_line' id='line_1_36' title="bbox 206 4189 1166 4253; baseline -0.001 -13"><span class='ocrx_word' id='word_1_235' title='bbox 206 4196 278 4252; x_wconf 69' lang='lat' dir='ltr'><strong>great</strong></span> <span class='ocrx_word' id='word_1_236' title='bbox 298 4205 415 4241; x_wconf 80' lang='lat' dir='ltr'><strong>measure</strong></span> <span class='ocrx_word' id='word_1_237' title='bbox 437 4196 463 4241; x_wconf 90' lang='lat' dir='ltr'><strong>to</strong></span> <span class='ocrx_word' id='word_1_238' title='bbox 485 4192 527 4241; x_wconf 90' lang='lat' dir='ltr'><strong>the</strong></span> <span class='ocrx_word' id='word_1_239' title='bbox 549 4191 624 4251; x_wconf 84' lang='lat' dir='ltr'><strong>spirit</strong></span> <span class='ocrx_word' id='word_1_240' title='bbox 646 4190 675 4238; x_wconf 84' lang='lat' dir='ltr'><strong>of</strong></span> <span class='ocrx_word' id='word_1_241' title='bbox 698 4189 777 4250; x_wconf 75' lang='lat' dir='ltr'><strong>graph</strong></span> <span class='ocrx_word' id='word_1_242' title='bbox 789 4204 898 4250; x_wconf 77' lang='lat' dir='ltr'><strong>appears</strong></span> <span class='ocrx_word' id='word_1_243' title='bbox 914 4194 940 4238; x_wconf 92' lang='lat' dir='ltr'><strong>to</strong></span> <span class='ocrx_word' id='word_1_244' title='bbox 957 4190 989 4237; x_wconf 83' lang='lat' dir='ltr'><strong>be</strong></span> <span class='ocrx_word' id='word_1_245' title='bbox 1006 4204 1038 4238; x_wconf 92' lang='lat' dir='ltr'><strong>au</strong></span> <span class='ocrx_word' id='word_1_246' title='bbox 1055 4190 1166 4253; x_wconf 84' lang='lat' dir='ltr'><strong>interpo-</strong></span> 
     </span>
     <span class='ocr_line' id='line_1_37' title="bbox 206 4258 988 4326; baseline -0.004 -17"><span class='ocrx_word' id='word_1_247' title='bbox 206 4259 326 4326; x_wconf 83' lang='lat' dir='ltr'><strong>Tburkii,</strong></span> <span class='ocrx_word' id='word_1_248' title='bbox 344 4274 374 4310; x_wconf 86' lang='lat' dir='ltr'><strong>or</strong></span> <span class='ocrx_word' id='word_1_249' title='bbox 388 4260 520 4325; x_wconf 82' lang='lat' dir='ltr'><strong>Turketal,</strong></span> <span class='ocrx_word' id='word_1_250' title='bbox 538 4260 596 4311; x_wconf 80' lang='lat' dir='ltr'><strong>who</strong></span> <span class='ocrx_word' id='word_1_251' title='bbox 618 4272 673 4309; x_wconf 81' lang='lat' dir='ltr'><strong>was</strong></span> <span class='ocrx_word' id='word_1_252' title='bbox 697 4258 777 4308; x_wconf 83' lang='lat' dir='ltr'><strong>latinu</strong></span> <span class='ocrx_word' id='word_1_253' title='bbox 788 4258 823 4319; x_wconf 86' lang='lat' dir='ltr'><strong>by</strong></span> <span class='ocrx_word' id='word_1_254' title='bbox 834 4258 988 4307; x_wconf 79' lang='lat' dir='ltr'><strong>wendover.</strong></span> 
     </span>
    </p>
   </div>
   <div class='ocr_carea' id='block_1_7' title="bbox 0 0 1510 5004">
    <p class='ocr_par' dir='ltr' id='par_1_7' title="bbox 0 0 1510 5004">
     <span class='ocr_line' id='line_1_38' title="bbox 0 0 1510 5004; baseline 0 0"><span class='ocrx_word' id='word_1_255' title='bbox 0 0 1510 5004; x_wconf 95' lang='lat' dir='ltr'><strong> </strong></span> 
     </span>
    </p>
   </div>
  </div>
 </body>
</html>
