3000 5004
397 489 537 538 rnonss
560 490 827 540 insronmnuu.
1020 475 1086 539 501

200 724 288 804 Quod
299 723 365 788 due
381 724 544 789 Heroides
566 723 719 789 Wilblmo
733 723 808 789 duci
823 724 1029 790 Ncrmaueiae

467 823 764 908 Auplmmjuracit.

187 944 292 1009 Anno
303 948 426 1027 gratiae
442 964 548 1011 mnrx.
562 941 657 1013 ¹cum
669 949 741 1012 dnx
753 948 931 1013 Haroldus
946 950 982 1012 in
998 969 1087 1032 prae-
1101 967 1155 1009 an.
1167 967 1222 1005 roro.

138 1044 197 1109 dio
220 1065 283 1108 suo
301 1039 412 1128 ²apnd
437 1046 609 1110 Boseham
631 1055 834 1125 moraretur,
859 1048 914 1111 die
937 1049 1089 1131 quadam
1102 1015 1247 1108 ligii‘v'e'eif

139 1145 315 1225 ingressus
333 1152 386 1209 est
402 1163 525 1209 navem
547 1147 779 1229 piscatoriam,
799 1154 838 1211 nt
860 1148 1011 1210 animum
1030 1150 1090 1211 ob-
1102 1115 1232 1214 diffidit·

139 1244 296 1319 lectaret,
327 1264 475 1326 cumque
503 1243 586 1308 ludo
614 1246 761 1327 longiori
791 1246 828 1308 in
855 1246 964 1309 altum
996 1266 1090 1311 mare

140 1343 417 1425 progrederetur,
446 1344 593 1408 adversa
624 1346 738 1408 subito
771 1352 977 1427 tempestate
1008 1347 1090 1409 sub·

142 1449 231 1519 orta,
252 1443 326 1524 ipse
349 1461 427 1505 cnm
447 1443 623 1508 sodalibus
638 1438 692 1507 ³in
708 1443 895 1508 Pontivum
916 1445 1091 1527 compelli-

143 1547 201 1603 tur
222 1561 363 1623 pagum,
380 1543 441 1623 qui
460 1543 503 1605 ab
521 1542 714 1606 bominibus
736 1544 887 1625 regionis
910 1551 1033 1625 captus
1056 1552 1092 1608 et

142 1640 289 1704 vinculis
301 1642 336 1703 in
348 1659 486 1705 carcere
497 1648 626 1719 trusuS,
638 1644 819 1725 imponunt
834 1643 865 1706 ei
880 1644 993 1725 ipsum
1008 1645 1092 1707 illuc

143 1740 348 1820 explorandi
371 1742 486 1821 gratia
511 1741 704 1805 advenisse.
757 1741 949 1820 Haroldus,
975 1750 1092 1807 astuto

143 1845 294 1920 pectore,
310 1841 460 1922 qualiter
476 1841 680 1905 liberaretur
699 1843 915 1924 excogitans,
932 1843 1092 1906 nuntium

143 1937 341 2018 ingentibus
366 1941 544 2020 promissis
572 1941 749 2004 inductum
783 1941 826 2005 ad
854 1942 975 2004 ducem
1002 1942 1095 2005 Nor-

141 2039 291 2101 manniae
302 2037 515 2102 Willelmum
530 2039 670 2116 direxit,
681 2039 849 2102 mandans
867 2059 904 2102 se
920 2039 964 2102 ad
981 2040 1094 2120 ipsum

144 2154 166 2198 a
183 2155 264 2218 rege
280 2136 473 2200 Eadwardo
490 2137 713 2214 destinatum,
729 2145 768 2199 ut
791 2138 900 2200 ardua
917 2138 983 2200 sibi
999 2157 1096 2220 quae·

146 2234 225 2296 dam
253 2235 393 2316 negotia
425 2235 622 2315 revelaret;
654 2235 785 2299 addidit
811 2237 928 2312 etiarn,
954 2255 975 2299 a
998 2235 1094 2299 God-

146 2333 237 2396 wino
266 2331 407 2397 Pontivi
437 2334 562 2397 comite
594 2321 669 2397 sese
695 2333 842 2397 detineri
872 2334 907 2397 in
932 2335 1093 2412 vinculis,

59 2515 61 2518 .
146 2452 215 2515 quo
236 2433 351 2494 minus
374 2434 470 2513 regia
487 2440 700 2515 exsequatur
715 2433 889 2498 mandata.
943 2433 1001 2497 Ita
1017 2433 1094 2496 Ha·

145 2524 275 2607 rolduS,
308 2530 485 2595 Willelmo
518 2533 703 2610 mediante,
736 2533 901 2596 liberatus
938 2535 982 2597 ab
1019 2534 1095 2615 ipso

147 2629 319 2694 Godwino
348 2632 384 2693 in
414 2632 667 2695 Normanniam
697 2640 751 2696 est
783 2632 965 2710 adductus,
994 2651 1097 2714 quem

146 2728 343 2793 Willelmns
366 2730 553 2795 honorifice
579 2731 783 2814 suscipiens
806 2732 842 2795 in
866 2732 1039 2797 alimentis
1062 2737 1098 2795 et

148 2830 302 2892 vestibus
335 2830 448 2913 ipsum
477 2831 625 2895 civiliter
655 2831 843 2895 decoravit.
895 2832 995 2895 Tunc
1019 2830 1098 2894 Ha·

150 2927 280 3004 roldus,
305 2937 345 2992 ut
368 2930 460 3011 apud
487 2930 701 2994 Willelmum
729 2930 921 2993 uberiorem
949 2932 1097 3011 gratiam

149 3026 329 3103 inveniret,
345 3027 525 3090 castellum
542 3027 782 3104 Doroberniae,
808 3028 900 3110 quod
919 3028 978 3110 jus
999 3047 1098 3090 suum

151 3133 238 3202 erat,
270 3133 411 3207 etpost
442 3131 586 3187 mortem
617 3127 708 3206 regis
737 3126 923 3189 Eadwardi
956 3146 1100 3207 regnum

148 3224 303 3304 Angliae,
329 3231 544 3287 sacramento
577 3224 757 3304 firmavit;
789 3244 897 3307 quare
920 3225 1000 3288 filiae
1026 3244 1100 3289 suae

151 3322 264 3386 adbuc
286 3324 441 3405 parvulae
464 3323 692 3405 desponsione
715 3330 750 3387 et
772 3324 880 3389 totius
902 3324 1102 3407 patrimonii

152 3422 378 3504 amplitudine
401 3423 563 3501 donatus,
579 3422 758 3487 familiaris
781 3423 872 3506 apud
887 3422 1102 3487 Willelmum
1172 3411 1177 3419 ’

191 3637 281 3688 ¹cam
301 3640 353 3688 dux
375 3638 533 3701 Heroides]
561 3638 615 3687 The
674 3636 770 3702 ’Apud
782 3634 924 3707 Bocchum]
942 3639 996 3688 The
1008 3639 1102 3688 chnrcb

153 3711 212 3758 time
232 3709 282 3757 and
301 3723 377 3757 cause
396 3709 425 3757 of
440 3708 561 3757 Harold's
578 3710 615 3756 vi·
640 3708 669 3756 ol
680 3708 806 3757 Boseham
818 3710 840 3758 is
852 3709 1012 3770 represented
1024 3711 1049 3758 in
1060 3709 1103 3758 the

152 3780 186 3827 sit
208 3784 234 3827 to
257 3778 405 3839 Normandy
425 3793 468 3826 are
487 3778 615 3839 venonsly
641 3779 741 3828 Baieux
752 3783 902 3839 tapestryas
913 3794 929 3827 o
941 3783 1066 3828 sbucture
1077 3778 1107 3828 of

152 3848 258 3897 related.
293 3848 347 3896 Tbe
364 3853 471 3897 account
488 3847 617 3909 following
639 3849 811 3897 considerable
838 3863 1019 3910 consequence.
1061 3849 1105 3897 In·

154 3919 176 3966 is
188 3918 264 3967 taken
276 3917 339 3965 lrom
347 3918 549 3978 Malmsbury,p.
560 3921 616 3966 383.
641 3919 705 3967 trod.
717 3925 743 3967 to
754 3919 912 3981 Domesday,
922 3920 940 3968 i.
953 3935 979 3981 p.
991 3923 1049 3967 295.

154 3988 251 4048 Tyrrell
274 3986 360 4034 thinks
379 3987 434 4035 that
452 3987 494 4035 the
514 3987 573 4035 date
592 3988 621 4036 of

154 4057 206 4105 this
228 4056 287 4105 visit
310 4055 399 4105 should
423 4058 455 4104 be
479 4056 569 4118 placed
592 4057 618 4104 in
677 4054 736 4105 ³ln
759 4057 891 4105 Ponticum
913 4055 1071 4118 compellitur.
1093 4050 1104 4124 ]

156 4130 229 4175 loos.
265 4126 389 4186 Compare
402 4125 618 4175 Gnl.Genret.vi.
643 4125 767 4187 Compare
787 4126 829 4174 tbe
850 4131 957 4174 account
977 4125 1106 4187 following

155 4193 221 4260 ξπ,
238 4196 301 4245 Gul.
319 4196 419 4246 l'ictav.
436 4196 469 4244 ad
486 4210 527 4245 an.
546 4199 618 4256 loeo,
643 4196 705 4243 with
719 4195 829 4244 William
840 4195 870 4244 oi
885 4196 986 4258 Poitou,
997 4195 1038 4244 ed.
1050 4196 1107 4244 Du·

155 4265 217 4314 with
231 4265 358 4314 Bremton.
644 4264 746 4327 chesne,
757 4280 782 4326 p.
796 4269 851 4314 191.
