3000 5004
348 426 414 492 260
598 443 730 493 nocnru
756 445 804 492 nu
827 444 1036 492 wurvuovuu

348 599 552 679 extendeus,
562 602 676 666 nobile
685 602 790 665 habet
804 600 1064 676 monasterium,
1075 598 1110 662 in
1122 617 1191 680 quo
1201 604 1305 680 pater

349 701 498 765 eximius
532 703 678 766 antistes
702 701 915 766 Cuthbertus
942 699 1078 782 positus
1110 704 1198 773 erat,
1222 716 1304 760 cum

349 800 427 864 aliis
443 802 662 882 praesulibus,
678 802 738 884 qui
754 801 831 884 ejus
853 818 1071 865 successores
1092 797 1306 861 sanctissimi

349 901 570 965 exstiterunt.
624 900 745 964 Lindie
762 919 846 964 vero
868 899 1001 963 rivulus
1017 906 1084 975 est,
1101 898 1161 980 qui
1178 915 1304 960 excur-

350 999 398 1062 rit
418 1000 454 1062 in
477 1019 584 1077 mare,
606 1001 752 1064 duorum
774 998 901 1082 pedum
931 996 1061 1061 habens
1083 995 1305 1061 latitudinem

350 1099 489 1179 quando
509 1101 622 1163 minor
636 1099 740 1163 fuerit
761 1107 797 1163 et
813 1099 923 1162 videri
942 1105 1070 1181 potest,
1087 1096 1148 1160 sed
1163 1094 1306 1178 quando

351 1205 459 1262 aestus
477 1199 589 1282 major
602 1200 718 1276 fuerit,
732 1206 815 1263 tuuc
833 1198 954 1281 nequit
970 1197 1091 1261 Lindis
1104 1196 1225 1261 videri.

472 1372 522 1434 Do
530 1372 738 1456 persecutione
755 1369 950 1434 detestamini
964 1368 1170 1454 imperatoris.

191 1509 300 1550 xlv-⁷⁰⁸·
401 1493 507 1560 Anno
531 1497 674 1560 Domini
700 1511 857 1559 cccxcv.
882 1493 1133 1558 Constantinus
1156 1492 1307 1575 impera-

189 1559 335 1650 ffiffiu·
352 1599 408 1658 tor
424 1595 552 1659 multos
565 1597 632 1659 sibi
646 1603 827 1678 suspectos
842 1587 968 1658 ¹oculis
981 1593 1153 1675 privavit3
1174 1611 1304 1675 papam

351 1692 579 1775 Stephanum,
613 1714 715 1776 quem
741 1713 803 1778 per
825 1712 936 1756 anuos
967 1692 1200 1775 quadraginta
1226 1711 1306 1756 car·

351 1810 429 1855 cere
450 1791 620 1856 inclusum
640 1800 813 1869 tenuerat,
828 1791 958 1856 crudeli
974 1799 1086 1855 morte
1103 1791 1304 1870 damnavit;

352 1899 388 1955 et
407 1911 527 1956 omues
549 1892 615 1956 sibi
635 1900 817 1976 suspectos
843 1892 899 1957 vel
919 1891 1095 1975 subjectos
1111 1910 1216 1973 super
1237 1890 1306 1972 lig·

353 2010 434 2054 num
451 1999 582 2056 sauctae
597 1993 709 2056 crucis
726 1992 847 2076 jurare
862 1991 956 2069 fecit,
971 1990 1064 2073 quod
1088 1989 1219 2053 nullam
1235 1990 1305 2054 Dei

352 2099 416 2155 aut
447 2100 646 2155 sanctorum
679 2091 866 2173 imaginem
899 2096 1158 2167 venerarentur,
1191 2108 1306 2172 neque

354 2191 420 2254 Dei
441 2192 641 2273 genitricem
667 2191 881 2255 invocarent.
934 2189 1006 2253 Eos
1028 2197 1156 2267 autern,
1173 2189 1235 2271 qui
1252 2189 1306 2252 vi·

352 2291 454 2373 gilias
479 2292 556 2355 Deo
580 2292 743 2373 agebant,
771 2291 832 2374 qui
857 2289 1018 2372 religiose
1044 2289 1222 2366 vivebant,
1247 2289 1305 2353 vel

353 2391 412 2473 qui
429 2398 627 2454 sanctorum
645 2391 809 2472 reliquias
826 2407 930 2473 penes
953 2408 991 2453 se
1012 2387 1198 2465 habebant,
1221 2407 1306 2452 con·

353 2490 532 2566 demuans,
548 2490 764 2572 patrimoniis
780 2489 953 2571 privabat,
968 2494 1004 2551 et
1018 2488 1129 2553 modis
1144 2488 1306 2552 omnibus

352 2589 550 2666 cruciabat3
574 2590 634 2671 qui
654 2589 903 2653 reverentiores
918 2594 1029 2666 erant,
1045 2606 1163 2652 eorum
1179 2589 1306 2652 barbas

354 2707 433 2750 cera
449 2695 484 2751 et
499 2687 575 2768 pice
592 2688 699 2752 illitas
717 2690 928 2752 amburebat.
965 2687 1169 2763 Monachos,
1184 2695 1224 2753 ut
1238 2707 1306 2751 ux·

354 2806 444 2863 ores,
456 2786 642 2849 monachas
656 2795 697 2851 ut
709 2788 814 2864 viros,
832 2788 1009 2863 ducerent,
1026 2788 1193 2868 cogebat3
1212 2787 1306 2870 quod

354 2887 454 2949 multi
478 2894 678 2968 respuentes
706 2887 751 2949 ad
776 2887 926 2969 palmam
955 2886 1113 2968 martyrii
1138 2905 1309 2969 pervene-

355 2993 447 3063 runt,
462 3005 525 3049 nec
539 2987 603 3049 sub
615 2985 764 3069 alicujus
780 2987 919 3069 gentilis
936 2986 1174 3067 persecutione
1189 2987 1308 3069 plures

354 3104 458 3167 quam
475 3086 540 3148 sub
557 3085 620 3149 hac
638 3086 854 3167 martyrizati
867 3086 1040 3167 leguntur.
1074 3084 1155 3149 Hoc
1167 3104 1308 3168 quoque

355 3204 448 3249 anuo
464 3178 585 3268 ²Sigar
606 3185 691 3261 dux,
712 3185 773 3267 qui
793 3186 933 3249 beatum
955 3202 1071 3266 regem
1093 3182 1309 3249 Alfwoldum

355 3283 495 3367 indigne
512 3292 716 3367 peremerat,
734 3284 840 3367 digno
858 3284 961 3368 periit
978 3284 1145 3349 cruciatu.

695 3459 756 3522 Leo
771 3460 874 3522 Roma
888 3458 975 3523 sedit.

413 3580 518 3645 Auno
549 3582 691 3645 Domini
729 3597 899 3646 nccxcvr.
931 3580 1089 3645 Adriano
1122 3600 1218 3665 papa
1248 3581 1310 3646 de-

355 3676 487 3756 functo,
512 3673 602 3743 ³Leo
633 3683 799 3746 successit
831 3681 932 3746 anuis
959 3681 1096 3763 viginti,
1133 3681 1311 3745 mensibus

391 3874 400 3908 ¹
414 3879 500 3927 Oculis
509 3879 637 3943 privavit]
655 3881 689 3929 So
701 3880 740 3929 iar
746 3881 816 3943 Sige·
880 3874 1000 3948 'Sigsr.]
1014 3879 1065 3930 His
1075 3880 1152 3930 death
1164 3881 1188 3930 is
1196 3881 1311 3933 referred

355 3948 426 4008 bert;
443 3948 485 3997 the
496 3951 636 3999 remaiuder
646 3951 675 3999 of
689 3950 731 3999 the
741 3951 818 4012 chap·
844 3951 878 4011 by
885 3951 986 4000 Simeon
997 3950 1048 4000 and
1059 3949 1102 4000 the
1109 3951 1171 4001 Sar.
1181 3951 1275 4002 Chrou.
1283 3959 1311 4003 to

355 4024 395 4068 ter
406 4017 483 4068 refers
494 4025 519 4068 to
531 4020 573 4068 the
589 4022 777 4081 imprisonment
793 4021 822 4070 os
844 4023 901 4070 79³.
1307 4076 1311 4081 ,

354 4089 381 4138 S.
393 4090 502 4151 Stephen
518 4090 560 4138 the
577 4105 690 4152 younger
706 4090 740 4151 by
752 4089 818 4139 Cou·
878 4087 971 4153 Ἧι]
996 4088 1038 4138 He
1049 4089 1109 4138 died
1122 4093 1151 4138 ll
1164 4089 1235 4141 June
1251 4095 1311 4143 81⁰.

355 4160 647 4221 stautineffipronyrnus
658 4161 749 4210 ium.
769 4161 817 4210 See
844 4158 895 4208 His
907 4159 1036 4209 accession
1052 4159 1144 4211 should
1163 4159 1228 4210 have
1245 4162 1310 4213 been

357 4228 433 4291 Pagi,
445 4230 477 4278 ad
489 4244 530 4279 an.
542 4227 555 4295 §
567 4234 606 4278 ιθ.
843 4228 1054 4279 includediuths
1065 4230 1204 4293 preceding
1214 4246 1284 4292 year.
