3000 5004
470 421 608 469 neonus
632 420 901 469 rusnonrnnuu.
1099 403 1165 468 239

213 576 287 639 ensi
312 578 585 662 archiepiscopo,
608 579 835 655 invasionem,
859 597 964 660 quam
993 576 1073 642 Otia
1101 596 1162 640 rex

213 675 424 741 Merciorum
456 698 561 762 super
587 678 768 743 ecclesiam
793 677 1079 741 cantuariensem
1114 676 1162 740 le·

211 784 319 852 cerat,
336 777 380 840 ad
404 778 549 842 nihilum
565 778 710 858 redegit.
763 777 891 841 Eodem
914 797 1005 841 anno
1026 775 1162 839 Frithe·

211 876 322 954 berto,
351 877 628 972 Hagustaldensi
658 878 820 955 antistiti,
847 877 1062 941 Alcmundus
1085 895 1162 939 suc·

211 976 326 1040 cessit.
355 999 359 1006 ·

435 1150 485 1211 De
500 1148 648 1233 episcopis
662 1145 946 1234 Leymmtramibos.

260 1268 367 1334 Anno
393 1271 535 1336 Domini
561 1289 763 1336 nccnxvur.
789 1271 1026 1347 Werebertus,
1050 1270 1297 1357 Lege-nona„

211 1371 397 1433 cestrensis
423 1372 606 1453 episcopus
636 1379 794 1454 quartus,
823 1371 912 1435 diem
944 1370 1070 1433 clausit
1101 1390 1162 1433 ex·
1175 1347 1294 1436 fflilsssllif'

211 1475 370 1546 tremum,
396 1470 452 1534 cui
473 1470 634 1535 Unwona
655 1471 834 1535 successit.
886 1470 952 1533 Est
978 1471 1069 1533 enim
1093 1470 1160 1533 Le-

210 1571 381 1648 gecestria
404 1570 528 1634 civitas
550 1571 696 1653 antiqua
717 1589 739 1634 a
765 1590 845 1650 rege
873 1569 1056 1633 Britonum
1082 1569 1160 1632 Leir

211 1677 423 1752 nuncupata.
477 1669 596 1753 Hujus
619 1677 735 1734 autem
758 1670 941 1752 episcopus
962 1669 1093 1751 primus
1115 1688 1162 1735 ex

211 1765 339 1850 Anglis
364 1769 430 1833 snit
456 1769 593 1833 nomine
610 1769 730 1846 Totta,
757 1769 930 1832 secundus
953 1768 1161 1845 Eadbertus,

212 1869 336 1931 tertius
360 1867 598 1944 Werebertus,
628 1877 773 1952 quartus
798 1868 971 1944 Unwona,
999 1868 1159 1950 quicum

211 1965 303 2043 Offa,
328 1986 411 2049 rege
443 1967 665 2045 Merciorum,
695 1976 731 2033 et
761 1968 958 2043 Hunbert0‚
990 1967 1160 2032 Lichesel-

210 2067 308 2131 densi
334 2066 604 2150 archiepiscopo,
621 2087 723 2151 quem
740 2067 880 2150 quidam
903 2066 1073 2142 Berthun,
1087 2066 1159 2148 syl-

209 2165 290 2230 laba
307 2168 531 2249 transposita‚
546 2168 737 2250 appellant,
754 2166 946 2230 inventioni
968 2166 1060 2229 beati
1083 2186 1160 2248 pro

210 2266 410 2348 tomartyris
424 2265 555 2330 Albani
577 2286 653 2330 cum
681 2266 816 2331 caeteris
839 2265 1010 2348 episcopis
1033 2265 1160 2346 legitur

208 2364 360 2429 adfuisse
375 2385 385 2444 ;
411 2365 471 2429 sed
487 2366 562 2429 baec
576 2366 678 2430 infra.

258 2464 364 2528 Anno
375 2465 517 2529 Domini
528 2482 706 2530 nccnxrx.
719 2458 922 2529 ¹0ataracta
939 2463 1063 2528 civitas
1079 2464 1160 2546 igne
1172 2485 1226 2525 nn.
1237 2486 1280 2525 m.

208 2571 363 2628 cremata
390 2573 443 2629 est
467 2585 489 2629 a
510 2565 709 2630 Beornredo
732 2573 894 2647 tyranno,
921 2583 1003 2645 rege
1032 2536 1264 2628 merci-Sillii

209 2683 309 2728 orum
334 2663 515 2747 deposit03
555 2664 616 2728 sed
647 2665 722 2747 ipse
753 2664 874 2728 infelix
908 2664 1027 2728 eodem
1056 2683 1159 2742 anno,

203 2763 303 2846 justo
319 2762 387 2827 Dei
397 2763 542 2848 judicio,
557 2763 717 2828 incendio
731 2764 846 2847 periit.

276 2933 417 3012 Carolus,
433 2958 487 3000 rec
501 2936 711 3013 Francomun,
727 2936 860 2998 Senones
876 2932 950 2999 ballo
964 2934 1087 2998 oravit.

258 3056 365 3123 Anno
388 3060 531 3124 Domini
553 3075 717 3122 necuxx.
733 3053 912 3135 'Carolus
928 3078 991 3122 rex
1007 3058 1160 3122 Franco·
1171 3084 1225 3124 nn.
1236 3084 1280 3125 no.

207 3179 296 3235 rum,
323 3159 470 3224 collecta
500 3178 606 3223 mann
636 3158 765 3235 valida,
803 3158 981 3222 Saxonum
1019 3165 1156 3239 gentem
1169 3134 1279 3225 &32²⁰

208 3259 299 3323 bello
330 3258 519 3340 adgressus
548 3265 614 3333 est,
646 3258 834 3341 multisque
866 3277 912 3320 ex
946 3257 1158 3340 principibus
1169 3236 1259 3285 Μ’·
1322 3326 1325 3331 ⁴

207 3359 280 3422 suis
305 3359 431 3423 ibidem
458 3357 663 3436 interfectis,
686 3377 764 3422 cum
792 3356 939 3421 victoria
966 3363 1082 3421 tamen
1105 3375 1158 3419 re·

206 3476 328 3523 versus
342 3467 408 3523 est.
459 3457 590 3522 Eodem
612 3476 704 3522 anno
729 3457 839 3521 stellae
859 3456 903 3520 de
922 3456 1008 3521 caelo
1034 3456 1160 3520 cadere

206 3557 405 3621 terribiliter
418 3557 503 3621 visae
517 3565 608 3621 sunt.

257 3656 362 3721 Anno
383 3657 525 3721 Domini
545 3672 722 3720 nccnxxi.
742 3655 833 3734 Offa,
850 3676 914 3720 rex
937 3655 1158 3734 Merctorum‚
1170 3683 1280 3725 cnm.

205 3753 402 3839 Anglorum
434 3764 574 3839 gentem
607 3757 712 3820 armis
742 3757 891 3838 subegit.
938 3755 1019 3835 Quo
1052 3759 1157 3822 etiam

239 3994 414 4058 ¹·Caturucta.]
438 3998 513 4046 From
531 3997 594 4046 Sim.
613 3997 670 4047 Du·
696 3997 779 4059 Pepin
789 3998 814 4047 le
827 3997 896 4058 Brei,
906 3997 1008 4046 brother
1018 3998 1047 4047 oi
1055 3999 1160 4048 Charle-

202 4067 377 4118 nelmadau.
696 4082 803 4129 magne:
826 4067 858 4115 be
877 4067 937 4116 died
957 4074 984 4116 at
1001 4069 1044 4117 the
1067 4069 1162 4130 ageos

239 4136 250 4165 ¹
273 4139 384 4198 Carolus,
411 4152 457 4186 rex
487 4131 668 4205 Francorum]
695 4143 789 4198 twenty
801 4152 883 4198 years.

201 4207 266 4257 This
285 4222 339 4256 was
358 4207 502 4271 Garloman‚
522 4207 564 4256 the
583 4221 629 4256 son
645 4207 673 4256 ol
