3000 5004
464 471 605 520 rtouns
627 471 898 520 ursronmuuu.
1090 454 1156 520 415

201 628 295 710 capti
318 637 401 692 sunt
426 636 462 693 et
484 629 584 693 bonis
609 630 769 694 omnibus
793 628 957 712 spoliati;
980 629 1071 692 unde
1093 649 1155 693 rex

203 727 385 809 Eadgarus
396 728 453 792 'ira
471 737 675 807 commotus,
692 730 728 793 in
751 738 909 811 raptores
933 728 1011 792 illos
1028 729 1080 792 ita
1094 729 1155 793 de·

202 828 316 905 saevit,
331 828 424 910 quod
441 847 561 891 omnes
575 846 597 890 a
612 829 715 892 robus
730 829 857 892 habitis
879 829 1055 911 spoliavit,
1070 848 1157 891 non·

204 926 317 991 nullos
333 947 416 992 vero
434 927 506 991 vita
524 927 687 1009 privavit.
725 927 796 992 Sub
811 927 865 991 bis
880 946 1019 1010 quoque
1035 927 1155 991 diebus

203 1026 394 1091 revelatum
412 1026 607 1090 estcaelitus
618 1045 744 1108 corpus
756 1028 868 1091 beatae
879 1025 1018 1108 Algivee
1032 1028 1156 1091 matris

207 1125 360 1207 Eadgari
376 1126 482 1208 regis,
494 1126 531 1189 in
553 1125 642 1202 loco,
658 1126 718 1207 qui
736 1125 903 1207 Septonia
923 1135 1153 1208 nuncupatur.

206 1223 337 1288 Eodem
363 1244 454 1289 anno
478 1244 540 1288 rex
558 1224 731 1289 Pacificus
758 1224 952 1306 Eadgarus,
968 1225 1012 1288 ad
1035 1226 1155 1289 urbem

206 1322 397 1404 Legionnm
412 1323 566 1401 veniens,
586 1318 647 1387 ¹ab
666 1330 746 1388 octo
763 1324 958 1406 subregulis
973 1322 1057 1400 suis,
1072 1317 1085 1355 ²
1093 1324 1156 1388 Ri-

204 1422 289 1487 notb
312 1423 444 1488 scilicet
465 1442 546 1506 rege
570 1423 764 1498 Scotorum,
782 1423 969 1487 Malcolmo
988 1423 1156 1488 Cumbro-

205 1541 294 1600 rum,
312 1522 460 1587 Macone
476 1542 558 1605 rege
574 1522 692 1586 Monee
716 1528 752 1585 et
773 1523 1000 1605 plurimarum
1023 1523 1154 1586 insulu-

205 1640 293 1697 rum,
318 1620 453 1686 Dusual
481 1641 563 1704 rege
588 1622 772 1698 Demetiae,
797 1621 925 1687 Siserth
955 1632 992 1685 et
1022 1620 1153 1686 Huwal

205 1721 344 1801 regibus
360 1720 513 1799 Walliae,
528 1720 551 1784 J
554 1722 663 1785 acobo
681 1740 762 1803 rege
779 1719 987 1797 Galwalliae,
1003 1728 1039 1785 et
1053 1721 1077 1785 J
1080 1721 1154 1785 nkil

205 1818 448 1898 Westimcriae,
465 1821 702 1905 juramentum
730 1819 907 1885 fidelitatis
935 1820 1089 1903 accepit,
1119 1829 1154 1885 et

204 1917 240 1983 in
255 1921 408 1984 crastino
425 1939 502 1983 cum
520 1919 589 1983 illis
607 1938 731 1984 navem
748 1921 949 1997 ascendens,
961 1920 1155 2000 subregulis

205 2017 250 2082 ad
266 2038 378 2083 remos
393 2019 529 2095 locatis,
541 2020 615 2101 ipse
632 2020 904 2102 gubernaculum
919 2019 1077 2101 arripuit,
1092 2038 1154 2083 na·

205 2117 423 2200 vicnlamque
445 2138 506 2200 per
520 2138 659 2182 cursum
682 2117 833 2181 fluminis
855 2119 964 2200 perite
989 2118 1155 2199 dirigens,

204 2217 323 2281 multis
348 2217 608 2294 admirantibus,
636 2217 740 2281 simili
765 2217 906 2298 navigio
930 2218 1155 2300 sequentibus

205 2316 426 2397 magnatibus
448 2317 630 2394 universis,
648 2336 670 2381 a
683 2316 815 2400 palatio
835 2314 1000 2399 usquead
1016 2335 1155 2379 monas·

205 2415 330 2479 terium
353 2416 466 2480 sancti
481 2415 653 2481 Jobanuis
674 2415 846 2497 Baptistae
872 2415 1063 2498 navigavit,
1083 2416 1154 2494 ubi,

205 2514 331 2578 divinis
347 2514 496 2596 expletis
509 2515 723 2591 ministeriis,
740 2515 859 2579 eadem
875 2534 1002 2598 pompa
1024 2515 1069 2578 ad
1092 2535 1155 2597 pa·

206 2614 328 2679 latium
351 2614 527 2691 remeavit,
545 2614 636 2697 quod
651 2614 733 2677 dum
756 2614 913 2692 intraret,
931 2615 1156 2698 optimatibus

207 2713 338 2778 dixisse
363 2712 486 2790 fertur,
515 2734 608 2778 nunc
641 2714 778 2777 demum
812 2733 982 2797 quemque
1015 2734 1155 2778 suorum

207 2830 443 2877 successorum
459 2832 497 2877 se
512 2833 615 2896 posse
640 2813 783 2894 gloriari
800 2832 915 2895 regem
932 2814 1004 2877 sore
1022 2811 1155 2896 Anglo·

207 2931 295 2989 rum,
310 2931 389 2976 cum
415 2919 469 2977 tot
490 2914 629 2994 regibus
651 2913 717 2976 sibi
739 2912 1006 2994 obsequentibus
1032 2912 1155 2976 talium

205 3030 332 3093 pompa
354 3011 525 3093 potiretur
541 3011 720 3076 bonorum.
773 3011 904 3076 Eodem
921 3029 1012 3074 anno
1035 3018 1154 3075 terrae·

127 3176 141 3203 ·
203 3117 319 3174 motus
333 3129 481 3192 magnus
494 3117 605 3174 totam
619 3108 784 3192 Angliam
802 3110 987 3175 concussit.

286 3279 336 3346 De
345 3280 520 3366 prudentie
533 3281 597 3346 sice
611 3281 818 3364 munificentia
833 3280 980 3366 Eodpcri
994 3283 1082 3366 repis.

256 3403 363 3470 Anno
379 3405 521 3470 Domini
535 3421 767 3471 nccocnxxv.
783 3424 845 3467 rex
856 3404 1038 3487 Eadgarus
1054 3404 1157 3470 Paci·
1169 3430 1224 3472 un.
1234 3431 1279 3472 us.

205 3504 304 3582 ficus,
326 3499 443 3587 ⁸regni
475 3505 530 3568 sui
558 3505 771 3587 prospiciens
794 3504 936 3569 utilitati
963 3506 1094 3588 pariter
1122 3513 1157 3570 et
1170 3483 1260 3583 liii

204 3604 326 3686 quieti,
350 3611 501 3687 quatuor
528 3603 637 3667 millia
659 3606 878 3687 octingentas
905 3603 970 3668 sibi
996 3606 1157 3669 robustas

206 3704 436 3785 congregavit
463 3723 593 3784 naves,
616 3725 636 3768 e
660 3706 785 3787 quibus
814 3704 907 3768 mille
931 3704 1099 3769 ducentas
1121 3705 1156 3768 in

205 3802 312 3885 plaga
337 3801 478 3886 Angliae
505 3803 677 3880 orientali,
703 3804 798 3868 mille
820 3805 988 3869 ducentas
1010 3805 1046 3868 in
1069 3806 1159 3869 occi·

241 3976 301 4029 ¹At
317 3985 369 4031 octo
380 3980 539 4044 subrepta]
557 3980 591 4030 So
602 3980 670 4031 Hor.
695 3995 737 4029 ror
754 3979 784 4029 oi
802 3980 845 4029 the
864 3982 945 4030 scribe
965 3981 1004 4031 ior
1021 3978 1158 4033 ‘Kanethl

206 4048 669 4111 andSimeon3theSnx.Chron.has
728 4047 835 4112 ’Περὶ
856 4051 895 4099 sui
915 4051 1064 4115 prospiciem
1088 4052 1159 4100 utili·

204 4120 247 4169 the
255 4123 370 4183 number,
381 4121 431 4182 six,
442 4121 488 4168 but
498 4120 561 4169 does
576 4125 620 4169 not
631 4134 669 4169 re·
694 4115 766 4186 tnta]
784 4120 909 4181 Compare
920 4120 962 4169 tbe
975 4121 1104 4181 following
1115 4136 1159 4170 ac·

203 4191 265 4239 cord
276 4191 318 4239 tbe
328 4203 425 4240 names.
693 4193 770 4238 count
782 4189 843 4238 with
855 4191 984 4253 Florence,
1001 4190 1035 4239 nd
1046 4203 1088 4240 an.
1100 4194 1158 4254 975,

240 4256 251 4289 ¹
272 4260 364 4310 ainau
375 4275 386 4317 ,·
399 4259 410 4323 ]
434 4257 563 4321 evidently
580 4273 613 4308 an
630 4272 669 4308 er·
693 4259 742 4308 und
755 4259 925 4322 Mulmsbury,
935 4274 980 4323 pp.
990 4263 1050 4323 etl,
1060 4263 1118 4310 atu.
