3000 5004
380 428 521 478 reonns
545 428 814 478 rrrsronrrnuu.
1014 417 1077 480 191

126 587 350 663 monasterio,
382 585 474 668 quod
511 585 656 650 Mailros
688 585 898 669 appellatur,
934 595 1079 669 accepta

126 699 270 751 tonsura
285 686 377 749 curis
402 685 522 749 saeculi
545 687 683 768 penitus
700 695 754 750 est
769 687 960 751 absolutus.
1009 686 1080 750 Ubi

126 786 374 849 monasterium
403 785 581 866 ingressus
611 793 676 861 est,
702 786 821 849 abbati
853 795 888 850 et
916 785 1081 850 fratribus

126 883 318 949 horrendas
340 901 427 965 quas
450 882 586 947 viderat
609 883 758 947 visiones
781 885 900 948 retulit
923 885 959 947 in
989 883 1081 949 huno

125 983 285 1062 modum;
309 980 484 1060 ‘Quidam
502 991 645 1065 aspectu
663 981 810 1060 lucidus,
828 992 863 1047 et
878 982 1080 1048 indumento

125 1084 253 1159 clarus,
282 1101 338 1145 me
368 1080 528 1144 ducebat.
598 1079 849 1146 Incedebamus
874 1090 991 1145 autern
1025 1089 1079 1145 ta·

125 1188 255 1258 centes,
287 1187 328 1245 ut
355 1179 539 1243 videbatur
569 1179 665 1256 mihi,
697 1187 818 1244 contra
847 1181 930 1243 solis
963 1189 1078 1244 ortum

124 1279 365 1356 solstitialem,
393 1278 502 1343 donec
538 1276 738 1342 devenimus
774 1278 818 1343 ad
850 1280 977 1344 vallem
1013 1279 1079 1341 im·

128 1398 256 1443 mensae
271 1377 477 1454 latitudinis,
494 1377 639 1440 infinitae
655 1377 883 1459 longitudinis
906 1397 947 1442 ac
963 1377 1078 1441 nimiae

127 1476 385 1561 profunditatis,
413 1495 492 1559 qnae
518 1475 562 1539 ad
588 1476 713 1540 laevam
739 1479 839 1541 nobis
861 1477 942 1554 sita,
971 1496 1079 1540 unum

126 1578 220 1641 latus
248 1577 396 1641 flammis
424 1574 636 1639 ferventibus
666 1576 810 1639 nimium
838 1575 1002 1653 terribile,
1027 1577 1079 1639 al·

127 1683 239 1741 terum
261 1675 388 1739 furenti
411 1674 580 1756 grandine
603 1692 644 1738 ac
661 1673 790 1757 frigore
812 1675 943 1739 nivium
963 1675 1079 1739 omnia

128 1774 298 1857 perflante
321 1793 363 1837 ac
378 1781 549 1850 verrente,
564 1792 633 1835 non
654 1774 768 1838 minus
789 1772 1007 1838 intolerabile
1027 1793 1079 1837 re

127 1874 283 1952 ferebat3
316 1881 502 1955 utrumque
525 1879 643 1935 autem
665 1879 743 1937 erat
764 1873 946 1936 animabus
970 1871 1080 1935 homi·

130 1992 210 2036 num
234 1972 386 2054 plenum,
404 1990 482 2053 quae
500 1970 654 2034 vicissim
675 1970 754 2035 binc
775 1971 856 2035 inde
873 1971 1080 2035 videbantur

129 2072 229 2154 quasi
253 2071 470 2153 tempestatis
492 2069 623 2151 impetu
645 2069 783 2153 jactari.
836 2069 993 2152 Cumque
1008 2071 1078 2135 vim

128 2170 273 2235 fervoris
298 2169 450 2233 universi
477 2168 626 2231 tolerare
648 2188 717 2232 non
743 2177 896 2251 possent,
921 2169 1079 2252 prosilie-

128 2270 214 2334 bant
238 2269 372 2332 miseras
403 2269 440 2331 in
468 2267 618 2330 medium
641 2266 842 2349 frigiditatis
864 2266 1012 2345 infestae,
1044 2276 1080 2333 et

129 2388 207 2432 cum
231 2386 344 2449 neque
368 2366 416 2429 ibi
439 2366 624 2448 quicquam
648 2367 779 2447 requiei
802 2367 957 2430 invenire
977 2375 1079 2449 potu-

129 2467 250 2543 issent,
264 2465 464 2529 resiliebant
477 2483 598 2527 rursus
612 2464 649 2526 in
662 2464 812 2527 medium
828 2466 967 2529 urendae
983 2465 1080 2530 flam·

126 2584 265 2630 marum
307 2563 639 2644 inextinguibilium,
676 2563 804 2627 infelici
842 2565 1081 2629 vicissitudine

129 2665 203 2728 sine
219 2663 292 2726 ulla
310 2662 437 2744 quietis
451 2661 729 2743 intercapedine;
745 2661 880 2746 fuitque
895 2665 1080 2746 spirituum

130 2762 333 2827 deformium
359 2759 619 2824 innumerabilis
649 2760 846 2826 multitudo.
912 2763 958 2827 Et
991 2765 1082 2846 coepi

131 2862 299 2944 cogitare,
321 2859 413 2942 quod
432 2866 525 2923 esset
543 2858 697 2923 infernus
716 2860 814 2924 locus
836 2860 894 2924 ille
916 2860 959 2925 de
981 2862 1082 2945 cujus

132 2959 313 3025 tormentis
333 2958 607 3023 intolerabilibus
628 2959 756 3041 saepius
780 2960 913 3023 narrari
940 2959 1080 3040 audivi;

132 3058 310 3142 respondit
328 3057 533 3140 cogitationi
554 3077 639 3122 mea
654 3057 788 3136 ductor,
805 3059 865 3141 qui
880 3078 934 3122 me
954 3079 1082 3141 praece-

130 3158 247 3236 debat,
257 3163 266 3192 ‘
278 3155 362 3222 Non
370 3155 459 3235 boc,’
472 3154 644 3237 inquiens,
656 3150 683 3191 ¹‘
694 3157 903 3240 suspiceris?
925 3156 993 3221 Sed
1002 3177 1082 3222 cum

132 3277 188 3322 me
207 3256 273 3321 hoc
293 3255 492 3338 spectaculo
517 3263 590 3319 tam
612 3255 782 3319 horrendo
803 3257 1023 3338 perterritum
1045 3257 1082 3320 in

133 3357 299 3420 ulteriora
326 3354 543 3438 produceret,
568 3353 640 3418 vidi
669 3354 786 3417 subito
809 3363 891 3418 ante
919 3375 982 3419 uos
1006 3355 1083 3420 loca

131 3456 283 3538 incipere
307 3454 484 3518 obscurari
507 3460 543 3517 et
566 3454 682 3518 omnia
705 3453 857 3516 tenebris
881 3453 1081 3537 adimpleri3

133 3572 221 3637 quas
251 3572 330 3618 cum
352 3553 559 3617 intraremus
583 3554 619 3616 in
644 3559 779 3616 tantum
802 3552 979 3635 paulisper
1000 3573 1082 3618 con-

132 3652 288 3717 densatae
313 3657 407 3728 sunt,
435 3660 475 3716 ut
504 3650 588 3715 nibil
618 3660 746 3733 praeter
775 3651 853 3715 illas
882 3652 1083 3735 aspicerem,

133 3759 281 3834 excepta
306 3750 481 3815 duntaxat
510 3751 625 3832 specie
653 3757 688 3814 et
711 3758 808 3815 veste
833 3751 922 3834 ejus,
948 3753 1007 3834 qni
1029 3773 1084 3816 me

134 3851 362 3933 praecedebat.
414 3849 462 3915 Et
490 3868 569 3913 cum
600 3849 885 3932 progrederemur
913 3852 989 3915 sola
1020 3852 1085 3915 sub

133 3957 235 4014 nocte
249 3969 312 4032 per
326 3949 479 4025 umbras,
495 3965 575 4013 ecce
592 3950 707 4012 subito
730 3958 900 4032 apparent
921 3958 1002 4013 ante
1021 3969 1084 4013 nos

132 4191 145 4258 §
158 4122 348 4243 gemueris]
360 4127 425 4176 ‘nou
438 4125 504 4175 enim
516 4124 557 4174 bic
567 4124 680 4175 infernus
692 4129 729 4174 est
739 4124 783 4173 ille
797 4139 871 4186 quem
882 4121 975 4186 putas?
1005 4124 1088 4186 Beda,

1090 607 1164 648 valon
1173 607 1199 647 of

1090 659 1230 700 Drlebtbelm.
