3000 5004
375 467 513 515 ruonns
538 466 806 515 rusronrnnuu.
1000 453 1066 516 493

117 624 208 705 quod
233 625 325 707 regis
349 645 551 707 responsum
579 624 773 689 Godwinus
797 626 898 688 nimis
922 625 1065 689 moleste

117 721 242 800 serene,
267 725 328 804 qui
354 726 493 788 fratrem
516 725 609 788 illius
633 724 846 807 prodiderat,
876 724 1066 807 respondit,

118 821 232 899 ‘Sci0,
246 822 332 900 rex,’
349 824 473 905 inquit,
488 825 581 888 ‘scio
595 825 679 906 quia
693 823 736 887 de
751 831 861 887 morto
880 823 997 887 fratris
1015 823 1067 887 tui

117 919 252 985 Alfredi
275 921 382 986 habes
407 942 462 985 me
483 929 696 1005 suspectum,
721 922 782 997 sed
799 923 909 998 Deua,
932 923 992 1005 qui
1007 941 1066 985 ve·

120 1039 183 1083 rax
211 1028 247 1084 et
264 1021 383 1103 justus
409 1028 474 1098 est,
497 1021 597 1096 haue,
615 1041 720 1103 quam
733 1028 846 1098 teneo,
861 1021 961 1103 panis
983 1022 1067 1085 buc·

119 1118 241 1181 cellam
265 1139 333 1184 non
361 1121 541 1201 permittat
557 1128 677 1201 guttur
693 1139 806 1182 meum
823 1120 898 1182 sine
920 1118 1067 1183 suffoca·

120 1218 212 1281 tione
236 1220 395 1296 transire,
421 1220 451 1281 si
474 1219 660 1300 aliquando
690 1218 797 1282 frater
822 1226 903 1282 tuus
928 1237 990 1300 per
1013 1238 1067 1281 me

119 1317 175 1380 vel
190 1318 370 1381 consilium
393 1338 505 1381 meum
529 1325 675 1382 mortem
698 1326 760 1382 aut
777 1318 929 1399 corporis
953 1317 1069 1379 laesio·

118 1435 197 1479 nom
221 1417 387 1499 accepi13’
410 1424 446 1480 et
468 1418 533 1481 hoc
554 1416 659 1494 dicto,
674 1436 736 1480 rex
759 1415 949 1480 buccellam
966 1416 1069 1479 bene-

120 1515 221 1592 dixit,
237 1534 343 1599 quam
368 1517 404 1579 in
423 1535 463 1579 os
485 1535 586 1579 suum
610 1534 743 1599 ponens
757 1514 961 1592 Godwinus,
979 1515 1069 1578 male

120 1614 185 1677 sibi
203 1616 374 1692 conscius,
392 1615 523 1678 interiit
538 1614 738 1678 suffocatus.
792 1613 905 1692 Quem
927 1632 990 1676 rex
1005 1633 1068 1676 ox-

120 1713 268 1777 animem
282 1713 403 1777 videns
431 1723 465 1777 et
481 1713 681 1795 pallentem,
697 1711 925 1787 ‘Extrahite,'
944 1712 1069 1792 inquit,

120 1818 263 1876 ‘canem
285 1811 377 1877 hunc
404 1819 440 1875 ot
462 1811 685 1894 proditorem,
701 1820 737 1875 et
752 1810 850 1875 illum
873 1813 909 1875 in
929 1811 1070 1894 quadri·

122 1912 180 1975 vio
198 1911 352 1993 sepelite,
376 1910 537 1992 indignus
561 1919 671 1975 estut
688 1909 921 1975 Christianam
944 1910 1071 1974 habeat

120 2011 334 2092 sepulturam
347 2011 368 2089 3’
400 2009 492 2091 quod
521 2009 679 2074 videntes
707 2009 769 2073 filii
798 2011 887 2094 ejus,
917 2010 977 2092 qui
1008 2007 1067 2071 ad·

122 2108 273 2186 suerunt,
295 2116 523 2173 extraxerunt
545 2116 678 2191 patrem
702 2107 745 2172 de
767 2127 899 2184 mensa,
921 2115 957 2172 et
978 2107 1069 2189 apud

122 2216 224 2272 vetus
260 2209 506 2272 monasterium
540 2207 634 2272 illius
674 2208 827 2272 civitatis
863 2207 1072 2289 sepelierunt

124 2326 215 2384 eum,
240 2326 321 2388 rege
343 2307 378 2370 id
399 2307 537 2389 penitus
558 2307 751 2388 ignorante.
804 2306 904 2369 Tunc
919 2297 981 2369 rex
997 2304 1072 2387 [de-

124 2405 191 2486 dit]
218 2405 380 2469 ducatum
410 2404 546 2469 Cantiae
578 2405 750 2481 Haroldo,
780 2405 851 2468 filio
874 2404 962 2488 ejus,
990 2405 1072 2486 quia

121 2505 282 2586 princeps
299 2512 375 2568 erat
389 2504 521 2568 militiae
537 2524 621 2570 suae.
674 2498 821 2569 ¹Eodem
837 2522 928 2568 anno
944 2503 1073 2567 Siwar·

122 2603 200 2680 due,
209 2603 282 2667 dux
295 2603 692 2681 Northanhumbrorum,
710 2605 764 2668 vir
780 2612 955 2681 strenuus,
972 2623 1072 2697 exer·

122 2702 228 2766 citum
254 2703 432 2785 copiosum
455 2703 490 2767 in
518 2703 670 2768 Scotiam
688 2704 830 2780 ducens,
847 2703 1072 2768 Machbotum

125 2821 239 2884 regem
265 2803 308 2866 de
334 2822 441 2885 regno
456 2803 604 2884 fugavit,
621 2803 740 2866 multis
766 2803 948 2867 Scotorum
970 2801 1073 2865 milli-

124 2902 189 2964 bus
216 2902 419 2978 interfectis,
437 2923 516 2966 cum
536 2902 749 2965 Normannis
767 2903 925 2965 omnibus
942 2901 984 2964 de
1001 2900 1073 2981 qui-

124 3000 190 3063 bus
214 3019 321 3083 supra
347 3000 491 3064 lecimus
513 3001 744 3078 mentionem
779 3007 815 3063 et
840 3018 902 3062 rex
930 3017 1074 3079 regnum

124 3097 251 3163 Scotiae
264 3098 359 3161 dedit
375 3098 576 3173 Malcolmo‚
590 3098 817 3162 cumbrorum
834 3097 925 3179 regis
940 3096 1023 3171 lilio,
1032 3094 1075 3157 de

122 3217 160 3260 se
178 3195 374 3260 tenendum.

240 3366 328 3447 Quod
335 3366 506 3452 prouincia
520 3368 757 3454 Horqsordenoio
772 3369 960 3433 dormiatur.

175 3490 281 3556 Anno
297 3490 419 3572 gratiae
439 3508 525 3557 an.
537 3485 675 3556 ²Victor
686 3494 777 3556 rexit
792 3492 989 3557 cathedram
1002 3491 1076 3555 Ro·
1088 3511 1213 3602 532¹}aess

127 3610 264 3654 manem
286 3591 386 3654 annis
406 3590 555 3668 duobus,
576 3592 750 3655 mensibus
769 3593 880 3656 tribus
905 3599 940 3655 et
956 3590 1077 3654 diebus
1088 3612 1194 3701 {ruffa

125 3690 300 3754 tredecim.
339 3689 469 3753 Eodem
485 3710 590 3769 anno,
603 3686 779 3756 ³Siwnrdo
794 3690 881 3754 duco
898 3690 1076 3755 Northan·
1090 3711 1115 3750 u
1161 3739 1167 3752 .

160 3953 364 4020 ¹Eodemunno.]
373 3958 446 4007 From
455 3957 590 4016 lloreuoe;
651 3953 808 4019 ’SiwurdnJ
824 3957 925 4006 Simeon
948 3970 1007 4017 says
1024 3956 1080 4005 that

125 4026 168 4076 the
191 4027 317 4075 Normnna
343 4027 446 4076 alluded
475 4032 501 4075 to
523 4041 590 4075 were
614 4026 813 4075 hewmburied
832 4025 1009 4076 inGalmeulto
1028 4039 1080 4072 mo·

126 4096 225 4146 Orbem
238 4097 433 4146 Penterostnnd
448 4096 534 4158 llugo.
615 4101 725 4157 nostery,
746 4095 900 4154 Yorlrnhiro;
929 4094 1081 4155 concerning

161 4162 292 4229 ²Victum]
309 4166 351 4214 the
362 4166 471 4226 oecond3
487 4165 520 4213 he
531 4164 591 4214 died
616 4165 658 4213 the
680 4179 783 4213 marmor
806 4164 836 4212 ot'
860 4163 900 4212 hio
927 4163 1013 4223 death,
1037 4177 1079 4212 see

127 4237 152 4284 in
163 4235 292 4297 Tuocauy,
301 4235 365 4296 July
378 4239 450 4285 1067.
616 4235 724 4297 Tyrrell‚
735 4235 752 4284 i.
766 4249 792 4296 p.
804 4237 844 4282 8⁰.
