3000 5004
396 473 536 521 ruonss
559 471 828 520 arsrourxauu.
1022 457 1088 521 511

134 628 394 711 compositionis
426 648 552 711 genere
583 635 841 705 construxerat,
865 646 887 691 a
911 647 982 711 qne
1007 636 1088 710 post

134 728 246 805 multi,
274 728 438 792 ecclesias
464 735 717 805 construentes,
742 727 939 810 exemplum
969 727 1088 810 adepti

133 847 221 908 opus
236 827 319 891 illud
341 829 553 910 sumptuosis
574 828 783 892 aemulantur
797 827 973 908 expensis.
1026 821 1088 890 ¹In

135 925 199 990 hoc
226 928 374 1009 denique
402 947 484 1009 rege
510 929 603 990 linea
632 946 752 1009 regum
784 925 925 1007 Augliae
949 926 1089 1004 defecit,

136 1044 214 1106 quae
240 1044 263 1088 a
287 1025 444 1102 Cerdico,
470 1027 581 1109 primo
604 1025 897 1089 Westsaxouum
927 1044 1009 1106 rege
1042 1045 1087 1088 ex

136 1122 276 1205 Auglis,
292 1125 492 1207 quingentis
512 1134 548 1188 et
564 1125 790 1206 septuaginta
806 1143 877 1186 uuo
897 1124 997 1187 anuis
1019 1143 1089 1187 uon

137 1221 267 1304 legitur
281 1222 488 1306 interrupta,
505 1231 632 1305 praeter
645 1242 851 1306 perpaucos
867 1222 1001 1299 Dauos,
1016 1222 1088 1305 qui,

137 1322 289 1402 peccatis
307 1323 526 1404 exigentibus
541 1323 655 1404 gentis
666 1321 873 1404 Anglorum,
887 1321 1089 1403 aliquandiu

136 1429 382 1502 regnaverunt.
435 1421 540 1485 Nunc
562 1441 657 1503 ergo,
680 1421 844 1503 quoniam
865 1421 1024 1501 superius
1046 1421 1089 1484 de
1102 1446 1144 1485 iii.

137 1518 240 1603 injus
266 1520 456 1585 beatissimi
480 1521 572 1600 rigis
594 1528 629 1585 et
651 1520 868 1597 mnaseas,
893 1519 1089 1597 eadwardi,
1101 1497 1216 1535 W·

136 1618 348 1684 secularibus
367 1620 459 1683 curis
479 1627 515 1684 et
530 1619 697 1683 bellorum
713 1618 996 1702 occupationibus
1017 1618 1090 1682 sui-

138 1716 293 1781 ficienter
309 1719 506 1782 continetur
520 1738 737 1802 expressum,
753 1738 943 1800 congruum
966 1717 1090 1782 nihilo-

138 1817 251 1879 miuus
268 1818 417 1894 videtur,
433 1827 473 1881 ut
488 1818 533 1881 de
550 1818 625 1900 ejus
643 1817 831 1882 sanctitate
851 1824 887 1881 et
903 1818 1090 1882 virtutibus

138 1915 194 1978 vel
209 1934 322 1997 pauca
336 1916 502 1980 dicamus.
555 1917 649 1981 Nam
666 1917 779 1981 adhuc
803 1917 839 1980 in
859 1917 997 1981 mortali
1013 1937 1090 1981 cor·

139 2033 223 2096 pore
245 2016 468 2092 constitutus,
493 2034 571 2078 cum
593 2023 804 2085 secretorum
826 2016 1016 2078 caelestium
1038 2015 1089 2078 iu·

138 2112 286 2194 dagator
318 2122 410 2178 esset
448 2113 706 2188 solertissimus,
748 2113 915 2177 nonnulla
948 2114 979 2176 ei
1008 2112 1089 2176 Rex

140 2232 261 2293 regum
284 2232 345 2294 par
368 2211 559 2293 prophetiae
588 2212 748 2293 spiritum
773 2211 885 2275 relatu
908 2212 1016 2292 digne
1038 2232 1091 2275 re-

139 2311 271 2376 velavit
299 2327 455 2388 arcana3
487 2329 610 2391 nempe
641 2329 718 2373 cum
746 2310 895 2391 quodam
923 2319 1090 2391 tempore,

141 2402 250 2491 apud²
265 2408 626 2484 Westmonasterium,
652 2407 769 2472 indie
795 2407 955 2486 Paschae,
982 2408 1092 2489 regali

141 2527 236 2572 more
263 2508 394 2571 curiam
421 2508 601 2583 tenuisset,
624 2526 686 2570 rex
711 2508 835 2570 sedens
857 2508 901 2570 ad
924 2526 1092 2586 mensam,

141 2627 262 2672 vocem
292 2607 408 2670 subito
437 2607 474 2670 iu
499 2607 608 2670 risum
637 2606 798 2670 exaltans
826 2606 928 2669 nimis
961 2614 1093 2690 aperte,

143 2707 295 2771 omnium
327 2707 362 2770 in
385 2725 423 2770 se
445 2705 564 2771 oculos
590 2706 851 2770 convivantium
877 2706 1093 2789 provocavit.

143 2805 355 2869 Mirantibus
383 2812 500 2870 autem
522 2805 666 2883 cunctis,
692 2806 784 2888 quod
809 2805 885 2869 siue
910 2825 1028 2883 causa,
1055 2815 1094 2871 ut
1172 2792 1177 2804 ’

143 2906 325 2985 putabant,
340 2905 485 2980 risisset,
502 2924 580 2967 cum
595 2924 657 2967 rex
673 2911 753 2986 post
769 2904 951 2986 prandium
963 2905 1000 2967 in
1018 2904 1096 2968 tha·

143 3001 272 3067 lamum
301 3002 477 3066 divertens
508 3002 599 3066 iuter
625 3001 806 3084 pontifices
842 3010 878 3065 et
913 3011 1095 3083 magnates

144 3100 367 3175 consedisset,
388 3100 461 3162 dux
484 3098 663 3163 Haroldus
686 3101 761 3182 regi
781 3100 884 3177 dixit,
906 3099 1020 3164 ‘Rem
1042 3102 1096 3164 iu·

145 3201 296 3276 solitam,
314 3197 451 3262 domine
467 3218 543 3275 rex,
557 3198 707 3263 vidimus
730 3198 845 3275 hodie,
861 3198 953 3263 uude
975 3218 1095 3264 omnes

144 3299 260 3362 mirati
276 3316 406 3374 sumus,
420 3297 503 3379 quia
519 3305 554 3361 te
570 3315 747 3379 nunquam
763 3299 1006 3379 conspeximus
1022 3307 1095 3363 tarn

146 3403 265 3480 aperte
296 3395 487 3473 ridentem,'
510 3398 566 3460 cui
597 3414 674 3473 rex,
700 3396 818 3459 ‘Mira
841 3396 925 3474 vidi,
954 3405 989 3460 et
1018 3398 1096 3462 ideo

144 3515 214 3560 uon
231 3495 305 3558 siue
323 3513 431 3558 causa
447 3493 530 3558 risi?
581 3494 681 3558 Tunc
704 3494 901 3559 adsidentes
923 3515 1095 3578 proceres,

144 3601 280 3659 tautum
296 3594 407 3658 virum
423 3595 466 3657 de
480 3594 637 3657 vanitate
652 3594 768 3658 risisse
785 3614 853 3657 non
867 3595 1096 3676 suspicantes,

145 3700 327 3776 coeperunt
341 3693 544 3775 suppliciter
560 3693 658 3756 illum
676 3712 811 3775 rogare,
825 3701 865 3757 ut
879 3694 1097 3758 occasionem

146 3799 254 3856 tautae
279 3791 411 3855 laetitiae
431 3791 501 3855 illis
524 3810 698 3875 exponere
714 3792 929 3873 dignaretur,
951 3801 998 3870 et,
1018 3812 1097 3857 cum

146 3891 264 3954 multis
276 3891 434 3973 precibus
450 3890 576 3954 abillis
591 3899 732 3956 coactus
747 3891 881 3969 fuisset,
891 3892 952 3970 ait,
970 3892 1098 3956 ‘Plus-

181 4105 233 4158 ¹1a
255 4109 298 4157 lior
318 4106 419 4170 denique
437 4107 524 4171 rega]
560 4108 609 4157 See
633 4107 1099 4171 diel’nicloe.]‘1'hefollowingvisiou

145 4179 316 4239 Malmsbury,
325 4192 353 4239 p.
365 4181 422 4226 ³85.
634 4177 656 4226 is
665 4178 787 4239 abridged
796 4179 850 4227 also
858 4177 920 4226 from
929 4177 1098 4240 Malmsbury,

179 4245 282 4312 'Apu
309 4245 559 4309 westmonasterium,
582 4246 609 4294 is
633 4262 658 4308 p.
671 4250 728 4296 m.
