3000 5004
192 1748 247 1788 Μ).
260 1748 316 1788 1011.

192 1800 250 1837 cnut
258 1798 293 1838 hir

192 1859 307 1888 successor.

353 464 419 526 460
610 475 744 523 sooner
768 475 816 522 on
839 475 1048 524 wannovnn

355 638 535 713 instinctu,
550 635 586 699 in
600 634 702 699 fovea
713 635 919 700 delitescens
936 635 1188 713 secretariam
1202 629 1315 700 ¹nocte

354 738 468 801 saneti
484 735 635 800 Andreae
651 735 814 817 apostoli,
830 736 977 799 eundem
1001 755 1117 818 regem
1139 755 1223 799 cum
1241 735 1314 799 enl-

356 836 439 900 tello
456 835 508 899 bis
526 843 629 899 acuto
645 835 737 898 inter
752 834 898 898 celanda
916 836 1099 918 percussit,
1116 843 1239 918 atque,
1254 835 1312 898 illo

356 934 506 999 letaliter
528 934 722 1011 vulnerato,
745 934 837 998 inter
859 936 995 998 viscera
1021 934 1162 1016 fugiens
1185 935 1312 998 ferrum

355 1034 506 1115 reliquit.
558 1033 723 1115 Sepultus
750 1042 804 1097 est
832 1041 947 1097 autem
975 1035 1068 1116 apud
1090 1033 1310 1098 Glastoniam

350 1134 458 1216 juxta
486 1152 589 1196 avum
614 1152 714 1196 suum
739 1132 951 1214 Eadgarum,
972 1153 1089 1215 regem
1115 1133 1311 1215 pacificum,

355 1241 390 1296 et
408 1233 546 1314 planxit
563 1252 642 1295 eum
664 1232 827 1296 universa
844 1232 976 1313 Anglia
996 1233 1109 1308 nimis,
1125 1233 1212 1314 quia
1235 1234 1309 1314 ipso

354 1333 441 1395 duce
468 1333 632 1414 sperabat
655 1350 693 1394 se
721 1351 824 1413 posse
849 1333 894 1395 ab
924 1333 1149 1415 oppressione
1176 1332 1312 1396 Daniea

354 1450 533 1514 respirare.

478 1605 568 1684 Quod
582 1627 637 1670 ree
654 1607 753 1670 Geato
768 1600 922 1690 Aayliom
937 1612 1032 1669 totam
1046 1601 1189 1669 obtinuit.

405 1729 510 1793 Anno
527 1730 669 1794 Domini
691 1746 813 1792 nxvrr.
830 1728 993 1792 defuncto
1010 1725 1208 1808 Anglornm
1230 1746 1311 1809 rege

357 1827 574 1905 Eadmundo,
592 1827 708 1892 cnuto
726 1848 788 1891 rex
807 1829 988 1893 Danorum
1005 1825 1144 1908 Angliae
1164 1847 1310 1909 regnum

355 1927 523 1991 invadens
542 1927 644 1990 annis
659 1928 784 2009 viginti
799 1928 979 2010 regnavit3
1003 1927 1075 2009 qui,
1090 1928 1215 2008 primis
1232 1946 1310 2008 reg·

357 2029 391 2091 ni
417 2028 470 2090 sui
486 2026 620 2102 diebus,
636 2026 800 2108 Angliam
817 2027 853 2090 in
876 2033 1025 2108 quatuor
1046 2027 1207 2107 partibus
1224 2027 1311 2090 divi·

355 2127 452 2204 dens,
469 2125 770 2191 west-saxoniam
793 2126 859 2190 sibi
880 2126 1034 2202 retinuit,
1053 2124 1224 2189 Merciam
1240 2125 1309 2190 En·

355 2226 463 2303 orico,
475 2226 637 2308 Angliam
650 2225 852 2289 orientalem
860 2224 1033 2302 Turkillo,
1049 2223 1199 2308 Hyricio
1216 2224 1308 2289 Nor·

355 2326 635 2389 thanhumbriam
650 2325 837 2405 delegavit.
865 2323 1022 2388 Audiens
1037 2332 1154 2388 autem
1167 2325 1308 2408 iniquus

353 2424 425 2487 dux
449 2425 617 2489 Eadrious
632 2418 727 2488 ²sese
751 2443 773 2487 a
794 2423 923 2487 ducatu
944 2423 1152 2487 Merciorum
1177 2425 1309 2506 spolia·

353 2532 439 2598 tum,
456 2543 558 2605 quem
575 2525 692 2588 multis
708 2530 868 2586 tenuerat
883 2523 996 2599 annis,
1011 2523 1236 2606 perturbatus
1256 2536 1309 2589 est

354 2622 468 2696 valde,
484 2631 519 2685 et
536 2624 678 2686 veniens
694 2624 738 2685 ad
755 2622 949 2686 Cnntonem
967 2623 1019 2686 ira
1035 2630 1229 2686 commotus
1244 2625 1308 2687 im·

352 2721 561 2803 properabat
582 2723 613 2784 ei
636 2711 757 2803 aspere
781 2723 882 2785 nimis
905 2721 1071 2785 beneficia
1086 2741 1108 2784 a
1125 2741 1164 2785 se
1178 2722 1307 2787 collata

353 2821 503 2883 sibinen
526 2840 651 2903 pauca,
672 2823 763 2884 inter
776 2841 854 2903 quae
874 2822 943 2884 duo
964 2821 1122 2903 protulit,
1138 2820 1231 2885 unde
1253 2824 1305 2904 ip·

352 2938 428 2982 sum
454 2921 498 2982 ad
529 2921 615 2984 iram
649 2922 847 2998 commovit,
876 2921 1005 2996 dicens
1038 2920 1305 2985 ‘Eadmunduni

353 3040 468 3101 regem
491 3040 553 3102 pro
579 3028 613 3084 te
633 3021 780 3102 primum
801 3021 949 3096 deserui,
975 3027 1113 3101 etpost
1137 3020 1235 3083 illum
1260 3023 1304 3085 ob

354 3120 405 3183 tui
422 3119 622 3183 fidelitatem
642 3120 810 3197 exstinxi,
829 3127 864 3183 et
880 3127 916 3183 tu
938 3138 992 3182 me
1014 3118 1116 3183 modo
1133 3138 1155 3183 a
1175 3120 1305 3184 ducatu

354 3218 564 3282 Merciorum
589 3218 771 3302 spoliasti!
823 3218 902 3296 Quo
931 3218 1036 3296 dicto,
1054 3218 1225 3283 Cnutonis
1252 3217 1304 3284 sa·

352 3318 423 3381 cies
450 3319 633 3382 immutata
656 3319 780 3382 rubore
795 3317 947 3382 furorem
969 3319 1154 3400 expressit,
1171 3326 1208 3382 et
1222 3338 1306 3383 eon-

353 3417 450 3480 tinno
467 3418 604 3500 prolata
629 3418 802 3482 sententia
824 3417 927 3493 dixit,
953 3417 1104 3481 ‘Merito
1121 3425 1158 3481 et
1173 3427 1214 3481 tu
1232 3438 1306 3482 mo·

352 3515 463 3591 rionis,
479 3537 556 3580 cum
572 3518 620 3579 sis
637 3517 731 3580 laesae
742 3517 936 3600 majestatis
946 3536 1038 3593 reus,
1053 3517 1089 3580 in
1103 3537 1158 3580 me
1173 3518 1306 3583 scilieet

352 3635 393 3679 ac
412 3616 536 3694 Deum,
554 3617 613 3699 qui
627 3617 801 3679 dominum
816 3617 992 3698 proprium
1010 3623 1046 3680 et
1060 3615 1203 3680 fratrem
1219 3617 1304 3681 mihi

352 3715 515 3779 occideris
540 3716 768 3794 foederatum3
795 3716 939 3797 sanguis
964 3716 1039 3799 ojus
1067 3735 1174 3799 super
1198 3725 1305 3799 caput

352 3822 461 3890 tuum,
492 3835 533 3878 eo
563 3816 654 3898 qnod
686 3815 722 3878 in
748 3815 915 3880 christum
946 3815 1088 3880 Domini
1118 3816 1305 3881 extendisti

386 4061 485 4112 ¹Nocte
504 4063 584 4112 sancti
603 4060 745 4133 Aridum]
770 4066 813 4114 the
839 4065 897 4114 dote
906 4065 1227 4128 following‚profetseshis
1235 4068 1306 4130 igno-

351 4134 410 4183 toth
422 4134 451 4183 os
460 4135 612 4183 November.
840 4150 914 4184 renee
926 4151 956 4186 ns
966 4142 992 4184 to
1004 4136 1046 4185 the
1057 4151 1136 4186 cause
1150 4136 1180 4186 of
1194 4137 1236 4187 the
1251 4139 1306 4188 dis·

384 4202 471 4253 ²Sese
493 4221 508 4252 n
530 4206 619 4252 ducatu
642 4204 813 4268 Merciorum]
840 4211 993 4269 agreement,
1005 4221 1031 4269 p.
1044 4210 1102 4257 8⁰5.

350 4273 814 4337 Malmsbury‚whoreletestheenec·
