2932 4980
336 464 403 528 108
592 478 725 527 nocant
750 480 799 526 uu
820 479 1028 529 wuunovsa

175 659 323 711 styrmen
336 658 378 702 eo
404 632 553 720 amplius
569 635 698 718 elapsis
715 635 829 713 aunis,
843 636 972 701 meruit
983 636 1139 703 liberari
1199 640 1311 708 Idem

172 714 206 753 hh
214 714 294 753 latera

336 744 435 821 pater
465 735 670 817 Gregorius,
696 736 829 818 primus
857 736 1021 815 omnium,
1049 737 1089 800 in
1120 739 1310 826 principio

335 836 558 918 epistolarum
576 854 729 912 suarum,
742 844 824 898 ante
837 835 999 911 salutem,
1011 838 1173 918 gratiam
1189 850 1232 905 et
1246 843 1310 907 be-

335 936 576 1010 nedictionem,
593 954 670 998 sese
687 954 826 998 servum
851 954 1029 999 servorum
1042 934 1115 1000 Dei
1140 958 1309 1021 pronun-

335 1035 443 1112 cians,
457 1035 616 1098 omuibus
632 1035 888 1098 successoribus
898 1035 973 1097 suis
987 1034 1138 1099 formam
1153 1038 1304 1106 humili·

336 1134 420 1198 tatis
447 1133 611 1198 ostendit.
668 1133 715 1198 Et
737 1141 818 1217 post
843 1133 1072 1197 humilitatem
1098 1137 1304 1205 utilitatem

335 1234 528 1317 subjunxit,
545 1251 624 1296 cum
641 1232 726 1297 dicit
747 1233 908 1309 salutem,
925 1232 1088 1298 videlicet
1103 1237 1243 1305 animae
1266 1248 1304 1305 et

334 1335 500 1415 corporis,
524 1333 673 1413 gratiam
697 1351 719 1394 a
735 1332 813 1396 Deo
837 1340 874 1396 et
897 1332 1106 1411 hominibus,
1130 1336 1302 1404 benedic·

335 1434 475 1509 tionem,
509 1451 588 1514 quae
613 1439 667 1494 est
697 1432 732 1493 iu
762 1432 891 1495 semiue
916 1430 1083 1509 Abrahae,
1108 1436 1210 1517 quod
1244 1447 1301 1504 est

334 1531 506 1608 christus,
542 1532 579 1594 in
616 1550 686 1613 quo
724 1531 970 1595 benedicentur
1004 1550 1128 1597 omues
1169 1546 1300 1619 gentes

334 1639 448 1696 terrae.

563 1806 613 1869 De
626 1803 702 1869 cita
717 1805 752 1869 in
769 1803 888 1890 lapides
901 1803 1061 1869 coam.

384 1928 487 1995 Anno
498 1930 621 2013 gratiae
631 1922 963 1993 ncv1.¹Sabinianus
971 1928 1062 1993 sedit
1070 1929 1108 1994 in
1119 1931 1299 1999 cathedra

226 2082 231 2093 .
335 2029 496 2095 Romana
521 2050 611 2094 anno
636 2050 718 2107 uno,
743 2030 918 2094 mensibus
931 2020 1086 2111 quinque
1107 2039 1149 2096 et
1168 2033 1296 2098 diebus

334 2151 469 2194 novem.
522 2129 653 2194 Eodem
671 2137 826 2211 tempore
843 2148 975 2212 pauper
988 2127 1147 2210 quidam,
1166 2152 1251 2198 cum
1273 2152 1297 2199 a

334 2231 449 2293 nautis
463 2230 716 2311 eleemosynam
727 2235 860 2311 peteret
873 2249 936 2293 nec
950 2228 1139 2311 acciperet,
1151 2230 1295 2298 dicente

333 2329 506 2406 nauclero,
522 2328 621 2392 ‘Nos
636 2326 722 2390 nihil
736 2328 792 2390 hic
806 2335 933 2409 praeter
946 2326 1081 2411 lapides
1092 2327 1296 2410 habemus:

332 2428 480 2511 subjecit
509 2447 653 2510 pauper,
677 2426 827 2491 ‘Omnia
856 2448 939 2509 ergo
963 2435 1149 2493 vertantur
1175 2432 1214 2496 in
1240 2432 1293 2498 la·

334 2527 454 2609 pides.'
494 2526 573 2606 Quo
591 2528 697 2603 dicto,
716 2527 878 2610 quicquid
892 2527 1135 2593 manducabile
1150 2531 1191 2594 in
1207 2532 1294 2596 navi

333 2633 408 2689 erat
437 2626 472 2689 in
499 2627 631 2708 lapides
655 2647 858 2691 conversum
880 2636 946 2705 est,
973 2627 1089 2691 colore
1113 2636 1155 2693 et
1178 2630 1295 2697 forma

332 2745 444 2788 rerum
463 2726 645 2791 earundem
662 2735 898 2809 permanente.

481 2898 643 2985 Oeolwlsus
657 2922 711 2965 rec
725 2899 959 2965 occidentalium
974 2901 1148 2969 Saxonum·

383 3020 486 3088 Anno
512 3026 636 3106 gratiae
659 3018 960 3102 ncrn,²ce01n‘co
980 3044 1061 3107 rege
1086 3027 1298 3096 occidenta-

333 3123 415 3187 lium
427 3125 605 3189 Saxonum
618 3125 792 3203 defuncto,
800 3123 986 3189 ceolwlfus
997 3126 1163 3206 regnavit
1173 3149 1294 3212 proco

235 3212 244 3227 ’
332 3224 458 3306 viginti
483 3232 634 3308 quatuor
656 3226 769 3288 annis.
831 3223 901 3287 Per
924 3225 1015 3287 idem
1043 3231 1187 3308 tempus
1209 3248 1291 3293 cnm

330 3343 423 3407 papa
462 3324 670 3388 Sabinianus
710 3324 952 3388 liberalitatem
987 3323 1079 3387 beati
1117 3322 1292 3411 Gregorii

331 3425 593 3506 praedecessoris
615 3425 669 3489 sui
694 3424 889 3505 derogaret,
907 3430 943 3487 et
959 3423 1023 3485 sub
1046 3423 1112 3487 hoc
1136 3427 1291 3493 obtentu

331 3542 470 3587 manum
497 3525 616 3605 egenis
641 3524 871 3600 subtraheret,
888 3522 1079 3603 Gregorius
1106 3543 1204 3604 eum,
1227 3546 1293 3611 per

367 3707 374 3735 ¹
398 3709 570 3773 Sabinianus]
596 3711 639 3759 He
660 3708 710 3757 had
731 3710 795 3757 been
818 3706 948 3757 dentfrom
959 3707 1001 3757 the
1011 3709 1160 3758 accouutof
1164 3710 1292 3765 ceolric’s

333 3778 472 3840 Gregory’s
494 3780 585 3829 nuncio
607 3784 634 3828 at
652 3780 795 3828 Constanti·
818 3779 948 3826 accession
973 3782 1000 3826 at
1027 3779 1086 3838 ⁵98,
1106 3777 1200 3832 where
1223 3783 1246 3833 it
1267 3785 1292 3834 is

332 3849 415 3909 nople.
452 3849 494 3897 He
516 3849 575 3897 died
599 3854 630 3897 22
652 3849 714 3898 Feb.
737 3853 794 3897 6⁰6.
818 3847 900 3896 stated
915 3847 970 3896 that
979 3847 1012 3896 he
1022 3848 1128 3908 reigned
1138 3850 1193 3902 ssve
1203 3868 1292 3915 years.

332 3918 386 3969 The
397 3920 499 3967 miracle
510 3919 565 3968 that
576 3918 794 3968 sollowsistahen
819 3918 872 3966 But
889 3917 940 3966 this
956 3918 980 3965 is
997 3921 1040 3966 not
1056 3916 1100 3967 the
1117 3920 1184 3985 only
1202 3937 1291 3985 enos-3

332 3986 396 4036 from
407 3989 530 4050 Sigebert.
818 3987 857 4036 sor
874 3986 974 4036 instead
993 3986 1022 4035 of
1036 3988 1044 4015 ‘
1052 3987 1145 4050 viginti
1160 3988 1292 4053 quatuor’

819 4058 910 4106 should
928 4058 959 4106 be
975 4056 1037 4106 read
1057 4058 1294 4129 ‘quatuordecim'

367 4123 498 4176 ²Crclrico
516 4127 595 4189 rega]
612 4128 683 4189 This,
701 4128 734 4187 by
753 4126 794 4174 the
818 4142 847 4176 as
864 4129 956 4188 below,
966 4127 1047 4176 nuder
1064 4126 1108 4177 the
1119 4144 1187 4191 year
1198 4138 1259 4195 elo,
1269 4136 1294 4185 is

332 4197 448 4246 errores
466 4198 508 4246 the
531 4199 621 4253 scribe,
640 4200 663 4246 is
685 4196 793 4245 inserted
818 4198 939 4247 recorded
952 4197 994 4245 the
1013 4196 1091 4247 death
1109 4199 1139 4248 ol
1157 4202 1300 4271 Cooluulf,¹

333 4268 391 4317 here
403 4267 501 4317 instead
512 4267 541 4316 of
555 4271 582 4316 at
593 4272 650 4329 598,
661 4284 690 4318 as
702 4269 724 4317 is
741 4269 793 4317 evi·
806 4250 868 4339 [aud
880 4267 922 4316 the
933 4267 1078 4317 successiou
1089 4268 1121 4319 ul'
1128 4268 1271 4339 Cynegth.
