2932 4980
327 471 393 536 394
588 485 721 533 aucam
747 485 794 532 nr
817 482 1026 532 wnnuovnn

330 644 425 707 dium
440 643 599 707 venando
621 642 839 723 sublevaret;
862 642 1022 724 protinus
1041 660 1123 706 cum
1144 641 1181 704 in
1203 640 1285 704 silva

331 743 621 807 corniculantium
653 743 820 823 strepitus
853 742 1042 806 resonabat
1072 749 1286 818 venatorum,

332 842 548 924 latratusque
574 840 813 918 soscallorum‚
836 840 938 905 multi
963 861 1150 905 cervorum
1174 841 1285 923 sugam

334 942 457 1007 leviter
485 942 649 1018 inierunt,
683 941 887 1022 exquibus,
913 960 976 1003 rex
999 940 1096 1004 solus
1131 960 1211 1005 cum
1236 958 1287 1003 ca·

333 1050 431 1105 terva
454 1041 708 1124 insequentium
735 1059 872 1117 canum,
895 1059 1002 1103 unum
1027 1040 1128 1104 mirae
1156 1040 1284 1121 magni·

334 1141 464 1204 tudinis
478 1140 611 1222 insequi
628 1140 747 1222 coepit,
763 1159 865 1222 quem
879 1139 938 1203 diu
958 1158 1020 1221 per
1034 1138 1180 1203 diversa
1198 1139 1285 1203 loco-

334 1259 409 1302 rum
432 1241 533 1304 devia
558 1259 683 1302 canum
704 1239 862 1320 agilitate
884 1237 1083 1319 fatigatum,
1110 1238 1156 1301 ad
1181 1237 1283 1321 quod·

334 1338 414 1402 dam
431 1339 566 1421 praecisi
592 1339 720 1401 montis
745 1338 975 1421 praecipitium
997 1337 1198 1421 impellens,
1222 1356 1285 1400 uua

334 1457 412 1501 cum
438 1440 580 1502 canibus
605 1457 745 1502 cervum
769 1456 847 1500 sese
876 1437 1090 1520 praecipitem
1117 1437 1204 1500 dare
1233 1457 1284 1500 co·

335 1538 428 1619 egit;
461 1539 521 1620 qui
552 1556 672 1602 omnes
701 1537 833 1620 pariter
861 1555 907 1600 ex
935 1536 1007 1601 alto
1038 1536 1285 1600 descendentes

335 1638 488 1713 contriti,
503 1638 539 1700 in
556 1645 701 1701 mortem
718 1637 834 1700 subito
857 1644 1073 1700 corruerunt.
1127 1635 1213 1700 Rex
1229 1654 1285 1699 au·

336 1743 407 1799 tem
432 1756 570 1799 cervum
601 1744 637 1799 et
662 1755 766 1800 canes
789 1755 867 1799 cum
892 1754 1021 1818 magno
1036 1735 1193 1799 volantis
1214 1735 1288 1818 equi

335 1854 438 1898 cursu
459 1836 646 1912 insectans,
662 1836 738 1900 viso
762 1835 967 1917 praecipitio,
984 1854 1113 1917 equum
1141 1835 1285 1899 retinere

335 1934 520 2011 laboravit,
542 1935 602 1999 sed
629 1936 794 2016 quoniam
817 1935 965 1998 effraenis
990 1934 1141 2017 collique
1166 1943 1286 1999 coutu-

336 2033 443 2098 macis
467 2042 543 2100 erat
559 2041 595 2099 et
609 2034 731 2116 rigidae
754 2034 911 2111 cervicis,
932 2033 1046 2116 ipsum
1066 2035 1213 2099 omnino
1236 2054 1285 2098 re·

337 2134 483 2199 fraenare
511 2155 580 2199 non
598 2134 721 2211 valuit,
746 2134 840 2198 omni
861 2153 924 2217 spe
946 2133 1072 2197 salutis
1099 2134 1232 2211 ablata,
1252 2135 1285 2198 iu

336 2234 516 2299 voluntate
543 2235 612 2301 Dci
635 2233 880 2315 omnipotentis
898 2251 997 2297 suam
1022 2234 1174 2297 animam
1197 2253 1285 2298 com·

336 2334 543 2415 mondabat3
562 2334 727 2398 ‘Gratias
747 2333 834 2410 tibi,'
857 2332 983 2415 inquit,
1008 2336 1110 2414 ‘ugo,
1140 2333 1286 2399 Domine

335 2432 358 2496 J
361 2452 423 2496 esu
441 2433 590 2511 Christe,
605 2433 698 2515 quod
714 2452 855 2497 menon
877 2432 1017 2497 memini
1034 2432 1070 2496 iu
1093 2432 1150 2498 his
1166 2434 1284 2498 diebus

336 2525 503 2615 'aliquem
529 2533 661 2612 laesisse
683 2533 749 2596 nisi
772 2532 885 2595 solum
907 2531 1144 2610 Dunstanum,
1166 2540 1204 2596 et
1225 2533 1285 2597 hoc

334 2641 495 2715 prompta
510 2632 706 2709 devotione,
722 2651 885 2696 concesso
901 2631 984 2695 mihi
1000 2633 1130 2713 spatio,
1147 2633 1214 2697 sibi
1232 2652 1283 2696 me

335 2731 572 2809 reconcilians,
597 2731 787 2796 emendabo
800 2732 822 2811 ς’
854 2731 899 2794 ad
928 2729 993 2794 hoc
1020 2730 1167 2808 dictum,
1194 2733 1283 2796 beati

334 2831 399 2894 viri
426 2831 569 2908 meritis,
599 2832 728 2895 restitit
753 2851 863 2914 equus
888 2831 925 2895 in
951 2829 1074 2895 ultimo
1100 2832 1282 2914 praecipitii

333 2930 422 3008 loco,
442 2939 477 2995 et
492 2952 555 2995 rex
576 2932 612 2995 in
635 2950 673 2994 se
695 2931 858 2994 reductus
879 2949 943 3012 pro
966 2930 1190 2994 restitutione
1203 2933 1282 2995 rita

333 3050 406 3094 suae
433 3032 509 3094 Deo
538 3031 670 3112 gratias
695 3028 885 3109 reserebat3
909 3036 945 3093 et
965 3030 1108 3093 veniens
1131 3030 1281 3107 domum,

327 3129 434 3212 jussit
451 3131 516 3194 sibi
533 3133 672 3195 beatum
683 3130 906 3193 Dunstanum
921 3129 1139 3210 presentari,
1154 3139 1191 3194 et
1207 3150 1281 3193 cum

331 3248 447 3294 coram
466 3250 547 3313 rege
561 3230 731 3295 adductus
751 3228 885 3305 fuisset,
900 3229 1060 3310 protinus
1082 3231 1280 3293 conscensis

331 3332 429 3411 equis
443 3331 547 3407 viam,
564 3349 642 3413 quae
667 3329 761 3393 ducit
784 3328 828 3392 ad
845 3327 1077 3404 Glastoniam,
1096 3337 1193 3393 recto
1213 3338 1281 3393 tra·

331 3430 413 3493 mite
428 3437 624 3494 tenuerunt.
670 3427 750 3506 Quo
765 3448 844 3491 cum
859 3428 1099 3510 pervenissent
1116 3435 1151 3492 et
1165 3448 1281 3493 coeno·

329 3530 424 3592 bium
447 3530 595 3612 ingressi
612 3528 771 3604 fuissent,
787 3527 1004 3610 apprehensa
1019 3526 1168 3592 dextera
1185 3528 1280 3594 Duu-

330 3630 423 3692 stani
455 3649 570 3706 manu,
604 3628 780 3693 osculatus
806 3634 861 3690 est
889 3645 978 3703 eam,
1006 3626 1209 3711 ducensque
1239 3627 1280 3691 ad

329 3728 444 3790 sedem
484 3729 727 3804 cathedralem,
759 3727 1055 3790 consentientibus
1093 3728 1281 3804 monachis,

328 3824 475 3889 illumin
491 3847 567 3890 eam
590 3846 735 3910 ponens,
754 3827 856 3904 dixit,
873 3826 984 3890 ‘Esto
1005 3825 1099 3890 sedis
1122 3826 1228 3912 hujus
1250 3834 1282 3891 et

359 4060 368 4091 ¹
384 4061 497 4124 Aliquem
505 4059 652 4109 emuniri
664 4094 671 4109 .
685 4096 691 4110 .
704 4060 792 4109 ‚Dan-
819 4060 915 4110 meritis
931 4075 947 4109 a
965 4061 1086 4122 presenti
1103 4068 1183 4112 morte
1203 4063 1285 4125 eripu-

328 4132 453 4194 rtmram]
471 4132 533 4179 ‘nec
546 4130 715 4179 reminiscaris
726 4132 793 4192 iuju·
819 4131 878 4192 eris,
898 4131 981 4192 quoad
995 4132 1088 4192 rivam,
1108 4132 1229 4182 devotum
1246 4149 1283 4182 me

328 4203 419 4251 riarum
432 4202 499 4250 tideli
507 4208 550 4249 tuo
559 4200 692 4250 Dunstauo
700 4215 745 4262 per
752 4216 792 4250 me
818 4202 856 4249 tui
876 4201 983 4250 nominis
996 4206 1022 4250 et
1038 4201 1109 4250 illius
1126 4203 1284 4254 laudatorem

327 4272 464 4333 illatarum,
475 4273 593 4334 quonium
612 4273 634 4320 si
652 4272 793 4334 meipsius
817 4266 940 4321 habebis?
975 4272 1028 4321 Vit.
1039 4286 1066 4334 p.
1079 4275 1137 4322 loo.
