3000 5004
396 482 534 530 ruerus
558 482 828 532 nrssonmnuu.
1016 467 1082 530 497

128 632 212 696 lium
246 637 371 701 nobilis
401 639 586 702 comitissae
615 637 763 702 Godivae
796 639 918 701 uxoris
943 658 1015 702 suae
1043 637 1080 703 in

126 733 268 816 proprio
285 735 465 801 fundasset
481 738 667 816 territorio,
684 738 856 802 mediante
869 737 1011 802 soemina
1027 757 1080 802 re·

125 831 267 912 ligiosa,
282 836 469 901 monachos
485 838 661 918 imposuit,
671 839 796 919 quibus
813 835 1022 902 sufficienter
1041 838 1078 901 in

127 933 240 1009 terris,
266 935 364 998 silvis
389 944 424 998 et
445 937 655 1000 ornamentis
678 936 810 1013 ditatis,
837 938 888 1000 ita
914 938 1078 1019 providit,

127 1031 220 1112 quod
235 1034 270 1094 in
284 1041 358 1097 tota
376 1033 506 1115 Anglia
522 1055 590 1099 non
607 1037 786 1099 inventum
804 1035 869 1099 fuit
882 1037 1078 1099 coenobium

127 1129 214 1194 adeo
237 1132 417 1196 abundans
431 1135 466 1196 in
484 1154 568 1198 auro
584 1141 619 1197 et
636 1142 793 1216 argento,
811 1135 846 1196 in
864 1136 1007 1215 gemmis
1021 1135 1077 1198 vel

126 1231 282 1294 vestibus
313 1233 483 1314 pretiosis.
536 1227 691 1296 ¹Godiva
720 1253 802 1297 vero
833 1232 1009 1297 comitissa
1042 1241 1076 1299 et
1089 1251 1241 1293 meante·

125 1330 278 1393 amatrix
304 1332 372 1395 Dei
397 1332 574 1414 genitricis
599 1331 717 1395 villam
739 1331 1029 1396 Conveutrensem
1054 1353 1076 1398 a
1089 1303 1177 1342 ‘mm

127 1428 227 1508 gravi
254 1429 403 1493 thelonei
428 1432 596 1494 servitute
618 1431 764 1494 liberare
786 1431 951 1495 affectans
968 1432 1075 1496 comi-

128 1532 197 1589 tem
214 1528 322 1592 virum
345 1549 446 1592 suum
466 1549 559 1612 saepe
579 1531 714 1611 magnis
740 1529 899 1612 precibus
925 1532 1075 1612 rogavit,

128 1632 168 1688 ut
180 1625 204 1689 J
207 1627 292 1690 besu
309 1627 439 1691 Christi
464 1637 499 1692 et
516 1629 591 1712 ejus
615 1628 790 1710 genitricis
808 1629 937 1692 iutuitu
956 1630 1074 1694 villam

127 1743 150 1787 a
169 1726 336 1807 praedicta
361 1728 557 1792 absolveret
571 1729 739 1793 servitute
765 1735 801 1792 et
821 1728 897 1792 aliis
921 1730 1074 1793 exactio-

127 1824 229 1887 nibus
254 1825 485 1908 importunis;
510 1847 656 1910 eumque
678 1848 792 1891 comes
817 1827 1010 1911 increparet
1032 1830 1074 1892 il·

127 1923 209 1999 lam,
224 1925 315 2007 quod
331 1946 401 1990 rem
412 1925 479 1989 sibi
491 1926 690 1990 damnosam
704 1927 853 1991 inaniter
869 1928 1074 2008 postularet,

126 2023 303 2104 probibuit
326 2032 538 2101 constanter,
560 2045 604 2088 ne
625 2027 739 2107 ipsum
761 2044 866 2107 super
887 2025 976 2089 bane
1002 2046 1073 2089 rem

126 2123 276 2204 amplius
302 2124 520 2202 conveniret3
547 2124 608 2186 illa
634 2142 653 2185 e
679 2125 853 2186 contrario
884 2125 1073 2205 pertinacia

127 2221 284 2284 muliebri
302 2221 407 2286 dueta
421 2223 532 2285 virum
555 2221 787 2284 indesinenter
800 2240 1012 2304 exasperaus
1030 2222 1072 2286 de

127 2320 315 2401 praemissis
341 2320 411 2383 tale
438 2338 640 2401 responsum
669 2319 713 2382 ab
733 2319 794 2382 illo
818 2320 959 2401 recepit,
984 2326 994 2355 ‘
1005 2320 1074 2405 As·

127 2416 258 2493 cende,’
276 2417 399 2500 inquit,
416 2423 563 2500 ‘equum
581 2426 679 2482 tuum
704 2417 797 2480 nuda
821 2425 857 2481 et
883 2420 991 2482 transi
1013 2439 1075 2500 per

128 2523 318 2579 mercatum
337 2516 428 2580 villae
446 2519 490 2580 ab
513 2517 611 2581 initio
626 2537 736 2599 usque
752 2516 796 2581 ad
811 2516 926 2593 finem,
945 2519 1074 2600 populo

127 2624 352 2697 congregato,
369 2624 494 2681 etcum
512 2617 665 2694 redieris,
681 2615 774 2698 quod
788 2618 945 2698 postulas
967 2618 1076 2701 impe·

129 2715 237 2778 trabis
250 2717 271 2795 3’
297 2717 352 2780 cui
372 2715 511 2781 Godiva
530 2716 742 2799 respondens
765 2717 827 2793 ait,
852 2717 934 2794 ‘Et,
958 2718 986 2780 si
1011 2717 1076 2781 hoc

129 2813 282 2892 voluero,
314 2816 488 2880 licentiam
520 2816 604 2879 mihi
634 2815 732 2879 dabis
741 2813 768 2878 l'
797 2815 841 2878 ad
873 2836 977 2898 quam
1005 2817 1075 2894 ille,

129 2912 276 2991 ‘Dabo,’
291 2915 415 2997 inquit.
455 2915 554 2979 Tunc
570 2915 747 2979 eomitissa
762 2915 838 2977 Deo
852 2913 979 2980 dilecta
992 2914 1077 2979 duo-

130 3011 194 3075 bus
220 3014 386 3077 comitata
407 3013 573 3075 militibus
602 3011 706 3087 nuda,
728 3018 768 3074 ut
784 3012 986 3092 praedictum
1010 3021 1076 3090 est,

129 3130 255 3193 equum
273 3109 462 3173 ascendens
480 3110 592 3173 crines
606 3111 731 3192 eapitis
749 3119 784 3173 et
796 3111 899 3174 tricas
917 3111 1077 3175 dissolvit

130 3228 324 3292 corpusque
336 3229 437 3272 suum
456 3216 567 3272 totum
580 3209 660 3271 inde
672 3206 812 3283 velavit,
828 3215 864 3272 et
874 3210 984 3272 forum
999 3229 1076 3292 per-

129 3309 302 3372 transiens
328 3327 350 3371 a
375 3307 510 3371 nemine
531 3307 620 3385 visa,
648 3305 895 3389 apparentibus
920 3309 1077 3374 cruribus

130 3415 247 3471 tamen
269 3406 531 3484 candidissimis,
549 3407 615 3471 iter
634 3405 831 3488 complevit,
847 3414 883 3470 et
904 3406 948 3470 ad
965 3408 1076 3472 virum

130 3506 286 3587 gaudens
312 3525 464 3584 reversa,
482 3506 548 3571 boc
575 3505 704 3570 factum
727 3504 966 3583 admirantem,
984 3504 1076 3588 quod

131 3606 279 3686 petierat
306 3607 525 3689 impetravit3
557 3624 671 3669 comes
695 3624 778 3668 vero
810 3603 987 3668 Leofricus
1012 3603 1078 3668 vil·

131 3704 201 3767 lam
225 3703 518 3770 Conventrensem
542 3712 578 3768 et
599 3704 755 3767 homines
778 3722 800 3766 a
824 3703 972 3786 praefata
992 3703 1078 3766 libe·

131 3821 224 3893 rans
243 3806 423 3882 servitute,
453 3824 516 3887 per
542 3812 674 3868 cartam
704 3821 803 3866 suam
829 3801 923 3884 quod
950 3802 1079 3867 fecerat

130 3903 358 3968 confirmavit.
411 3903 676 3986 wigornensem
701 3909 870 3984 praeterea
891 3909 927 3966 et
949 3908 1080 3966 sanctae

168 4083 284 4134 'Godieo
294 4080 505 4152 maeonius-oa]
519 4085 593 4134 Com·
618 4084 673 4133 that
694 4084 724 4132 ol
741 4084 852 4142 Simeon,
875 4083 923 4131 col.
947 4086 1003 4144 189,
1031 4081 1081 4130 and
1174 4125 1180 4136 ,

132 4170 192 4217 pare
212 4155 253 4203 the
267 4162 375 4205 account
390 4155 519 4217 following
530 4154 592 4203 with
622 4154 751 4216 Bremton,
761 4155 810 4203 col.
821 4155 887 4210 9493
904 4152 1006 4213 Scriptt.
1015 4151 1081 4201 Dec.

186 4247 263 4292 von.
289 4246 312 4292 r.
863 4225 931 4288 21<
