3000 5004
539 482 709 530 rnurnca.
1032 471 1093 534 xix

144 659 222 723 quae
248 639 431 716 canebant,
458 659 526 703 vox
553 640 621 704 ista
648 639 862 723 frequentius
887 639 1216 747 estaudita,1q.p.qor.

144 739 325 804 ‘Albanus
349 740 400 803 vir
423 739 584 821 egregius
608 749 740 822 martyr
761 747 879 804 exstat
898 740 1094 821 gloriosus)
1107 719 1213 799 addan.

144 838 302 922 Cumque
332 838 464 903 adhoc
492 839 727 921 spectaculum
753 840 868 903 subito
893 839 989 903 fieret
1013 858 1094 903 con-

144 959 266 1004 cursus
297 958 525 1022 paganorum,
558 958 647 1002 unus
678 959 723 1003 ex
752 939 910 1003 omnibus
938 939 973 1002 in
1006 938 1095 1004 hanc

146 1058 265 1103 vocem
295 1039 464 1122 prorupit,
488 1035 603 1101 ‘Haec
630 1038 799 1117 miranda,
826 1058 905 1121 quae
928 1039 1095 1115 videmus,

146 1137 321 1202 Christum
356 1138 422 1201 Dei
451 1136 571 1214 filium,
601 1137 733 1220 liquido
764 1146 913 1214 constat,
949 1139 1094 1220 operari.

146 1238 276 1301 Eamus
299 1244 334 1300 et
350 1237 564 1320 inquiramus
579 1237 691 1300 virum
715 1237 794 1314 Dei,
816 1238 888 1319 qui,
912 1237 1002 1301 sicut
1017 1257 1097 1301 nos·

146 1338 202 1413 tis,
218 1337 394 1402 Albanum
414 1335 634 1420 praedicando
651 1337 822 1400 convertit
837 1337 881 1399 ad
896 1335 1096 1399 Christum.’

146 1437 304 1519 Cumque
327 1436 486 1501 omnibus
515 1437 584 1500 ista
615 1436 787 1500 sententia
821 1435 1021 1517 placuisset,
1050 1435 1094 1498 ad

146 1536 239 1600 mille
264 1536 417 1600 homines
439 1555 559 1599 versus
575 1533 739 1600 Walliam
764 1535 831 1599 iter
857 1534 1036 1616 arripiunt,
1060 1542 1095 1598 et

147 1636 258 1700 virum
283 1636 351 1700 Dei
374 1634 621 1718 Amphibalum
645 1635 771 1699 ibidem
797 1635 1014 1709 invenerunt,
1040 1655 1094 1699 re-

147 1735 260 1817 gionis
285 1735 379 1799 illius
409 1734 604 1799 hominibus
632 1737 772 1798 verbum
798 1735 880 1799 ritae
903 1734 1095 1817 praedican-

147 1844 227 1899 tem.
279 1835 346 1898 Cui
364 1835 534 1899 adventus
551 1834 604 1897 sui
622 1853 762 1899 causam
776 1841 998 1916 exponentes
1017 1853 1094 1897 cru·

146 1953 233 2011 cem,
259 1953 363 2016 quam
386 1954 451 1998 suo
475 1932 648 2016 quondam
675 1933 814 1997 Albano
836 1932 1096 1998 commendave-

147 2041 213 2110 rat,
241 2053 362 2098 cruore
390 2052 581 2115 respersam
606 2032 816 2097 obtulerunt.
861 2032 912 2097 At
935 2033 994 2096 ille
1018 2032 1095 2096 Deo

147 2132 279 2213 gratias
303 2152 410 2215 agens
436 2133 536 2196 novis
563 2132 778 2196 auditoribus
806 2131 887 2197 fecit
911 2132 954 2196 de
977 2130 1094 2214 religi·

147 2252 212 2295 oue
237 2252 448 2310 sermonem3
476 2232 535 2313 qui
557 2251 638 2295 mox
662 2230 711 2294 illi
734 2232 1000 2306 consentientes,
1023 2231 1095 2312 sig·

146 2331 320 2408 naculum,
336 2331 428 2413 quod
444 2331 480 2394 in
498 2329 637 2396 Christo
653 2338 718 2407 est,
733 2330 778 2395 ab
795 2330 870 2413 ejus
891 2329 999 2394 sacris
1020 2349 1094 2392 ma·

147 2431 248 2493 nibus
276 2429 435 2495 alacriter
461 2439 697 2512 susceperunt.
756 2429 904 2494 Etcum
933 2429 1006 2492 dies
1031 2429 1095 2492 ali·

146 2536 231 2612 quot
255 2530 515 2612 praeteriissent,
541 2529 634 2594 sama
658 2528 740 2594 facti
758 2529 948 2593 Verolamii
975 2548 1096 2611 perve-

148 2630 210 2692 nit.
272 2630 375 2693 Cives
405 2648 500 2705 vero,
527 2630 631 2692 nimio
662 2628 778 2693 furore
808 2628 982 2706 commoti,
1013 2629 1096 2694 totis

148 2728 276 2792 viribus
307 2748 385 2793 cum
411 2729 545 2809 ingenti
572 2728 717 2810 strepitu
746 2729 813 2793 iter
841 2729 973 2805 ineunt,
1000 2729 1097 2793 acsi

146 2836 263 2892 essent
286 2828 330 2892 ad
356 2828 478 2910 praelia
507 2828 712 2910 processuri.
763 2827 954 2892 Audientes
982 2836 1097 2893 autem

147 2926 280 2991 celebre
306 2947 430 2992 nomen
456 2925 669 3010 Amphibali,
692 2934 772 3009 post
799 2928 871 2992 dies
898 2928 1031 3010 aliquot
1053 2929 1096 2992 ad

147 3047 238 3104 eum,
266 3028 360 3090 sama
388 3026 548 3104 ducente,
580 3028 798 3108 perveniunt,
827 3037 863 3093 et
890 3027 1096 3092 incircuitu

148 3127 223 3210 ejus
248 3146 337 3209 quos
362 3128 574 3208 quaerebant,
591 3127 705 3190 verbis
729 3127 821 3191 illius
845 3128 1027 3191 inveniunt
1045 3127 1098 3189 in-

148 3227 340 3291 tendentes.
393 3224 444 3290 At
463 3228 623 3307 gentilem,
647 3226 818 3290 diabolica
842 3227 970 3290 invecti
994 3225 1096 3301 furia,

147 3325 184 3388 in
208 3333 348 3390 sanctos
373 3325 441 3390 Dei
467 3326 592 3407 gladiis
618 3325 840 3390 saevientibus
865 3325 1013 3401 irruunt,
1042 3331 1097 3388 at·

148 3445 215 3508 que
232 3424 434 3506 corporibus
448 3445 566 3489 eorum
582 3424 739 3487 minutim
755 3423 964 3500 dilaceratis,
977 3425 1097 3488 beatas

148 3524 233 3589 carlo
255 3523 388 3588 animas
412 3543 490 3587 curn
515 3524 643 3606 gaudio
662 3523 874 3602 intulerunt3
897 3524 1015 3605 sicque
1038 3542 1097 3605 pa·

148 3631 201 3687 ter
227 3643 249 3687 a
273 3623 355 3699 tilio,
381 3622 507 3687 fratres
534 3643 556 3688 a
583 3623 760 3700 fratribus,
788 3622 881 3687 cives
908 3643 930 3687 a
953 3623 1097 3699 civibus,

148 3723 375 3787 trucidantur.
436 3722 490 3786 Ex
519 3722 584 3787 boc
613 3743 712 3787 sacro
738 3723 885 3805 collegio
912 3743 1000 3787 uuus
1025 3743 1098 3787 om·

148 3824 229 3886 nino
245 3820 427 3906 superfuit,
442 3823 515 3903 qui,
531 3823 566 3885 in
582 3823 640 3886 via
655 3824 809 3904 corporis
826 3824 1026 3887 infirmitate
1042 3823 1101 3886 de·

147 3930 276 3998 tentnS,
292 3921 413 3986 adesse
430 3941 498 3985 non
515 3922 640 4004 potuit.
693 3922 842 3987 Sanctus
857 3921 1099 4005 Ampbibulus,

146 4021 298 4085 vallatus
331 4021 532 4102 corporibus
569 4021 772 4098 occisorum,
809 4023 929 4086 beatas
966 4022 1100 4084 animas

147 4122 297 4185 Domino
312 4120 588 4196 commendabat,
601 4121 636 4183 in
650 4141 753 4203 quem
770 4122 903 4185 cruenti
920 4120 1098 4184 carnifices

145 4240 281 4285 omnem
296 4219 509 4285 iracundiam
533 4239 632 4284 suam
652 4220 886 4296 refundentes,
907 4228 941 4285 et
957 4218 1100 4282 brachia
1202 4300 1205 4307 ι
