3000 5004
350 473 394 537 78
607 488 741 536 nonani
770 489 815 535 nn
839 489 1048 537 wunnovnn

351 647 548 728 sexaginta,
584 654 619 709 et
657 645 749 729 apud
796 646 1021 726 Flemesburg
1054 644 1306 727 applicuerunt.

354 746 532 828 Regnavit
557 754 673 810 autem
694 746 759 809 Ida
786 747 885 810 annis
905 745 1096 822 duodecim,
1121 752 1156 808 et
1182 744 1308 808 castel-

192 860 334 927 butlduunm·
353 846 425 909 lum
450 847 492 910 de
513 846 695 909 Baenburc
720 846 929 922 construxit,
947 846 1037 927 quod
1062 844 1158 927 prius
1182 843 1307 926 ligneis

191 913 228 951 hm
243 911 315 951 “m
354 946 455 1029 palie,
472 954 594 1028 postea
610 965 720 1021 muro,
734 945 903 1010 circuivit.
957 944 1207 1026 Genealogiam
1223 964 1306 1008 vero

355 1045 430 1129 ejus
446 1045 628 1128 sequentia
646 1045 883 1109 declarabunt.

193 1158 302 1198 lto-⁶⁴⁹·
405 1141 510 1208 Anno
536 1146 658 1226 gratiae
686 1161 818 1207 uxnrx.
844 1138 1045 1225 'Agericum
1062 1141 1306 1206 Viridunensis

355 1244 550 1327 episcopus
568 1245 755 1308 sanctitate
773 1242 908 1307 refulsit
921 1243 1079 1324 insignis

192 1353 303 1394 mtto·
406 1343 510 1407 Anno
543 1344 667 1425 gratiae
701 1359 758 1407 ur..
783 1344 967 1406 sambucus
996 1343 1099 1406 arbor
1130 1342 1167 1405 in
1197 1339 1304 1404 Italia

355 1462 464 1524 grana
478 1451 513 1507 et
529 1442 661 1507 fructus
675 1442 757 1507 vitis
773 1443 937 1524 portavit.

601 1617 716 1695 Quinta
730 1615 863 1698 synodus
877 1614 1054 1680 celebratur.

192 1758 302 1798 etr-⁶⁵1·
405 1738 510 1804 Anno
537 1741 661 1822 gratiae
685 1757 755 1803 nm.
774 1741 897 1822 quinta
924 1741 1078 1824 synodus
1101 1741 1306 1805 universalis

190 1809 248 1898 fild
271 1806 342 1848 Μ’]
355 1839 658 1922 Constantinopoli
692 1839 898 1904 celebratur.
956 1841 1000 1904 In
1026 1841 1115 1923 ipsa,
1147 1840 1306 1923 epistola,

355 1932 450 2020 ²quae
486 1938 551 2003 Iba
582 1940 719 2016 dicitur,
746 1941 871 2005 erroris
894 1941 998 2023 plena
1025 1941 1241 2023 reprobatur,
1272 1948 1307 2003 et

355 2039 764 2122 TheodoruS,personam
782 2040 987 2104 Mediatoris
1000 2041 1066 2105 Dei
1084 2049 1119 2104 et
1130 2039 1305 2104 hominum

355 2139 390 2201 in
426 2140 560 2203 duabus
590 2140 792 2204 substantiis
833 2159 1012 2222 separans,
1043 2140 1087 2203 ad
1117 2140 1306 2222 impietatis

355 2238 531 2321 perfidiam
552 2240 716 2304 cecidisse
729 2240 944 2304 convincitur
959 2247 994 2304 et
1007 2240 1201 2303 damnatur.
1237 2238 1306 2302 Eo·

355 2339 433 2402 dem
461 2359 553 2402 anno
572 2333 768 2403 ³J0rdanus
796 2339 979 2421 episcopus
1003 2338 1182 2403 historiam
1207 2357 1305 2402 suam

356 2439 569 2502 terminavit.
621 2439 691 2502 Per
717 2439 807 2502 idem
836 2447 972 2520 tempus
996 2437 1018 2502 J
1022 2437 1218 2502 ustinianus
1232 2436 1308 2501 Au-

356 2545 493 2618 gustus,
515 2538 560 2599 ab
576 2535 753 2620 Anthymo
768 2536 931 2602 haeretico
955 2539 1130 2614 seductuS,
1153 2537 1260 2619 coepit
1286 2557 1307 2601 a

357 2636 424 2699 tide
464 2636 637 2700 catholica
675 2637 869 2716 declinare3
909 2638 1004 2702 misit
1037 2656 1186 2719 namque
1217 2656 1308 2700 uxor

357 2735 434 2818 ejus
448 2735 631 2800 Theodora
653 2737 696 2800 ad
712 2756 839 2820 papam
858 2737 1040 2818 Vigilium,
1062 2738 1245 2814 mundane,
1268 2745 1307 2800 ut

358 2831 572 2918 Anthymum
594 2845 785 2902 revocaret.
839 2837 969 2901 Fuerat
990 2837 1081 2901 enim
1108 2836 1308 2900 Constanti-

358 2936 580 3017 nopolitanus
610 2937 804 3020 episcopua,
834 2944 870 2999 et
898 2956 919 2999 a
950 2956 1042 3019 papa
1063 2935 1238 3019 Agapeto,
1265 2956 1307 3000 eo

357 3036 449 3117 quod
492 3035 663 3100 haereticis
702 3036 856 3112 favebat,
889 3037 1120 3118 degradatus3
1158 3043 1194 3100 et
1225 3037 1307 3118 quia

357 3155 450 3218 papa
476 3134 631 3217 Vigilius
662 3136 759 3199 illum
789 3155 953 3200 revocare
982 3135 1130 3213 distulit,
1155 3136 1190 3199 vi
1213 3155 1307 3199 com·

356 3235 495 3317 pulsum
518 3236 562 3299 ad
584 3256 622 3300 se
640 3237 759 3301 venire
779 3235 882 3314 lecit3
911 3256 1011 3318 quem
1034 3237 1115 3299 dum
1146 3235 1307 3299 maximis

356 3333 508 3399 afficeret
531 3335 678 3418 injuriis,
704 3336 812 3399 fertur
836 3335 868 3399 ei
894 3336 1024 3400 dixisse
1050 3354 1177 3418 papam
1205 3334 1307 3417 Vigi-

356 3433 453 3511 lium,
479 3435 552 3499 ‘Ut
566 3436 679 3511 video,
706 3456 775 3499 non
798 3455 853 3498 me
878 3435 1034 3499 lecerunt
1058 3435 1101 3498 ad
1125 3454 1163 3498 se
1190 3435 1307 3499 venire
1359 3520 1366 3537 ο

393 3649 557 3712 ¹Agericue.]
579 3650 621 3700 lle
641 3650 701 3699 died
719 3651 761 3699 the
783 3656 821 3699 let
878 3647 1064 3715 ’dordunuaJ
1096 3650 1151 3698 The
1183 3649 1305 3698 historian

357 3719 386 3768 ol
394 3720 536 3767 December
547 3723 603 3768 588.
844 3720 997 3781 sonandas,
1023 3719 1106 3782 etyled
1137 3721 1171 3780 by
1193 3720 1309 3781 Sigebert

394 3785 479 3844 ’Quoe
494 3788 539 3836 Iba
556 3789 670 3852 dicitur]
690 3787 744 3838 The
763 3789 820 3838 MS.
844 3791 934 3852 biehop
957 3791 985 3840 ol
1005 3791 1136 3850 Ravenna,
1152 3791 1175 3837 ie
1194 3789 1254 3838 here
1272 3791 1310 3837 in·

359 3858 433 3906 reads
455 3860 530 3919 ‘quae
555 3859 591 3906 ibi
618 3858 729 3920 dieitur,’
758 3858 819 3906 lrom
844 3861 946 3910 tended.
984 3861 1058 3922 Upon
1070 3859 1112 3908 the
1124 3859 1259 3921 subjectos
1268 3859 1308 3908 hie

359 3928 483 3990 sigebert.
517 3927 571 3976 The
585 3928 659 3977 letter
675 3928 779 3977 alluded
796 3933 821 3977 to
845 3929 939 3993 having
965 3931 1029 3979 been
1056 3945 1115 3979 ever
1145 3930 1308 3978 consecrated

359 3997 382 4046 ie
393 4012 440 4046 one
451 3994 507 4046 mid
524 4003 549 4046 to
566 3998 629 4046 have
647 4000 711 4047 been
721 3999 821 4047 written
846 4001 945 4061 bishop,
962 4001 1004 4049 the
1023 4000 1113 4049 render
1131 4013 1190 4059 may
1209 4000 1309 4049 consult

359 4067 393 4128 by
416 4068 486 4129 lbos,
507 4067 598 4130 bichop
620 4067 649 4116 ot'
669 4069 776 4127 Edessa,
796 4073 822 4117 to
844 4070 886 4119 the
909 4070 1010 4132 preface
1029 4076 1054 4119 to
1074 4070 1114 4118 hie
1131 4069 1257 4117 chronlcle
1274 4070 1308 4130 by

360 4137 442 4186 Maris
464 4139 559 4186 Perea:
583 4140 604 4186 it
627 4140 649 4188 is
671 4139 770 4201 printed
795 4139 821 4186 in
846 4141 980 4203 Muratori,
1009 4141 1068 4191 Rer.
1089 4139 1148 4189 Ital.
1175 4139 1268 4199 script.
1291 4140 1309 4188 i.

360 4207 500 4257 Hurduin'e
519 4207 614 4257 edition
633 4210 662 4258 ol
678 4209 720 4258 the
738 4210 821 4258 Coun·
844 4225 871 4271 p.
883 4215 939 4260 187.

359 4277 416 4341 eils,
425 4279 463 4328 iii.
474 4278 522 4328 col.
536 4282 591 4326 lto.
