2932 4980
340 432 405 496 138
598 447 731 495 aocnnr
756 448 803 494 nn
826 447 1033 497 wnunovna

341 612 418 667 rent
449 613 511 668 aut
541 603 623 686 quid
650 604 781 668 veilent
809 601 941 667 dictum
978 612 1032 668 est
1060 606 1306 688 respondisse,

341 703 434 784 quod
457 705 501 767 ob
525 704 590 767 boc
617 704 699 767 iiiuc
723 703 861 766 fuerant
887 702 1065 781 destinati,
1089 713 1131 769 ut
1154 725 1304 771 aureum

342 803 427 865 iliud
441 804 623 881 numisma,
639 801 731 885 quod
745 822 786 866 eo
803 801 846 867 de
862 800 990 867 Cantia
1004 812 1164 881 venerat,
1179 826 1305 871 secum

342 911 569 966 assumerent.
622 903 707 985 Ipsa
727 909 845 965 autem
860 910 974 980 nocte,
990 903 1026 966 in
1048 903 1151 987 cujus
1172 906 1305 971 ultima

343 1009 454 1083 parto,
477 1001 512 1065 id
534 1010 600 1079 est,
616 1002 803 1085 incipiente
819 1021 957 1079 aurora,
972 1004 1159 1085 praesentis
1175 1007 1302 1070 mnndi

343 1101 504 1164 tenebras
526 1101 710 1178 transiens,
727 1120 914 1183 supernam
929 1103 1093 1183 migravit
1107 1102 1154 1166 ad
1169 1104 1300 1170 lucem.

343 1199 521 1282 Siquidem
543 1202 643 1265 multi
659 1202 702 1264 de
717 1201 883 1265 fratribus
900 1201 1055 1285 ejusdem
1078 1207 1299 1279 monasterii,

342 1301 401 1381 qui
422 1300 500 1363 aliis
524 1309 622 1364 erant
637 1302 673 1363 in
689 1300 833 1377 aedibus,
848 1300 924 1383 jam
946 1301 1128 1365 manifeste
1153 1322 1194 1366 se
1217 1324 1301 1369 con·

341 1407 462 1462 centus
504 1400 706 1481 angelorum
741 1400 964 1482 psallentium
1003 1401 1204 1467 referebant
1234 1423 1299 1468 au-

340 1498 444 1575 disse,
470 1499 531 1562 sed
554 1507 589 1563 et
612 1499 764 1563 sonitum
786 1499 888 1581 quasi
914 1499 1074 1582 plurimas
1096 1502 1299 1567 multitudi-

239 1604 244 1615 '
341 1598 394 1659 nis
416 1599 663 1661 monasterium
679 1597 945 1679 ingredientium
968 1598 1176 1680 audierunt3
1202 1603 1297 1667 unde

340 1715 423 1758 mox
454 1698 596 1777 egressi,
623 1698 825 1779 dignoscere
861 1697 942 1779 quid
974 1707 1067 1763 esset
1098 1701 1297 1782 cupientes,

340 1794 502 1858 viderunt
521 1797 631 1860 lucem
655 1797 789 1860 caelitus
812 1798 972 1861 emissam
993 1797 1100 1862 fuisse
1117 1802 1295 1882 permaxi-

339 1913 442 1972 mam,
460 1915 539 1976 quae
553 1904 710 1960 sanctam
725 1896 820 1960 illam
842 1897 993 1961 animam
1009 1898 1126 1961 earnis
1143 1901 1297 1965 vinculis

339 1995 534 2058 absolutam
552 1996 596 2059 ad
612 2004 744 2060 aeterna
763 1997 886 2078 patriae
911 1997 1061 2061 celestis
1083 1998 1220 2080 gaudia
1236 2000 1296 2065 de-

337 2094 498 2157 ducebat.

177 2212 285 2251 noan.
388 2191 493 2256 Anno
516 2193 639 2275 gratiae
659 2187 1006 2259 ncxn1.¹Heraclins
1025 2193 1215 2277 Angustus
1236 2199 1295 2263 de-

177 2262 288 2361 {libii
338 2291 478 2356 functus
501 2302 574 2370 est3
608 2299 687 2375 post
708 2292 807 2376 cujus
827 2294 959 2358 obitum
988 2293 1178 2360 Heraclius
1199 2296 1293 2362 Cou-

337 2393 525 2468 stantinus,
552 2391 643 2454 filius
671 2391 759 2475 ejus,
784 2393 969 2474 imperavit
999 2395 1177 2459 mensibus
1206 2418 1293 2480 qua-

339 2498 443 2569 tuor3
479 2491 603 2573 quibus
635 2490 696 2554 vix
727 2493 888 2573 expletis,
919 2513 1052 2559 veneno
1081 2496 1291 2579 propinatus

338 2597 392 2653 est
408 2609 430 2652 a
447 2610 596 2654 noverca
611 2610 677 2653 sua
692 2590 858 2655 Martina.

388 2687 493 2753 Anno
524 2690 645 2771 gratiae
686 2707 826 2754 ncxnu.
861 2689 1093 2769 Heraclones,
1129 2692 1289 2760 Heraclii

338 2787 441 2867 tilius,
451 2809 528 2852 cum
545 2798 731 2853 matresua
743 2790 898 2854 Martina
912 2791 1098 2873 imperavit
1110 2797 1290 2860 mensibus

339 2908 424 2967 sex;
462 2890 586 2972 quibus
628 2890 788 2965 emensis,
827 2890 956 2972 repulsi
995 2900 1078 2956 sunt
1110 2910 1135 2957 a
1164 2904 1289 2959 senatu

336 2998 478 3073 propter
496 3007 667 3054 venenum
692 2989 784 3070 quod
812 2988 983 3054 Heraclio
1000 2992 1289 3074 propinaverunt,

336 3109 377 3153 ac
395 3090 516 3170 lingua
533 3087 696 3151 Martinae
720 3089 877 3169 praecisa,
899 3097 934 3152 et
953 3087 1166 3155 Heraelonae
1191 3113 1288 3170 naso,

336 3190 430 3251 missi
446 3187 582 3252 suntad
596 3186 824 3251 Constantem
836 3188 943 3251 filium
954 3188 1113 3254 Heraclii
1121 3191 1287 3275 junioris.

392 3363 517 3426 Mortuo
534 3359 705 3445 Kiraioilso,
720 3380 786 3444 tegre
801 3361 1039 3426 occidente-lium
1053 3364 1229 3447 Scaeam

649 3458 813 3523 Kicewolc
827 3461 975 3524 successd.

385 3584 488 3648 Anno
511 3584 634 3664 gratiae
653 3599 807 3648 ncxnru.
830 3602 893 3646 rex
909 3584 1178 3653 occidentalium
1200 3589 1288 3654 Sax-

335 3703 438 3747 onum
465 3682 660 3762 Kinigilsus
693 3702 771 3745 cum
802 3690 983 3763 regnasset
1010 3686 1111 3748 annis
1143 3689 1288 3773 triginta

370 3943 544 4006 Hieroclem]
563 3945 604 3992 He
617 3944 676 3992 died
690 3949 716 3993 ll
732 3946 793 3995 Feb.
820 3961 852 3994 an
875 3952 982 3996 account
1004 3947 1033 3995 oi
1049 3948 1090 3997 bis
1113 3950 1204 4014 death,
1227 3956 1287 4005 imm

332 4021 390 4066 etl.
438 4016 488 4063 llis
510 4031 554 4062 son
579 4015 715 4063 Heraclius
742 4015 792 4063 had
819 4017 1206 4083 'l'lieophanes,Cedrenue,and
1215 4027 1289 4076 Nice·

332 4088 394 4137 been
411 4085 552 4134 associated
572 4086 632 4133 with
653 4086 693 4132 bis
712 4085 793 4134 satirer
819 4087 922 4147 phoras,
940 4088 981 4136 the
1001 4088 1091 4137 reader
1110 4105 1172 4156 may
1192 4098 1290 4147 consult

332 4160 357 4206 in
375 4160 417 4206 tbe
435 4161 594 4219 government
612 4157 637 4204 in
649 4160 706 4204 1113.
745 4156 792 4204 For
821 4158 895 4219 Pagi,
905 4157 939 4207 ad
951 4173 992 4207 au.
1004 4160 1089 4222 (1111
1101 4165 1127 4212 ⁶.
