3000 5004
463 426 598 475 anonas
623 426 890 477 ursromanuu.
1090 414 1155 478 153

203 592 255 649 tot
285 585 416 649 nobiles
447 604 469 649 a
497 587 573 651 vita
604 586 786 670 temporali
818 585 990 670 privavit;
1029 588 1154 652 cecidit

202 705 264 747 rex
289 685 496 749 Etbelberus
522 686 629 750 frater
642 685 756 750 Annae
779 688 870 768 regis
893 687 935 750 de
952 706 1022 768 quo
1047 706 1154 770 supra

203 785 432 862 meminimus,
458 795 581 850 auctor
602 787 677 868 ipse
699 785 793 863 belli,
809 785 869 868 qui
898 786 1041 869 perditis
1065 787 1154 850 mili·

202 885 294 947 tibus
312 885 424 949 noluit
441 886 536 949 solus
553 885 673 968 perire.
714 886 760 949 Et
775 885 858 967 quia
875 905 981 968 prope
999 886 1154 963 fluvium,

204 984 264 1067 qui
277 977 454 1048 'Winwed
472 985 609 1062 dicitur,
628 992 821 1068 pugnatum
839 991 904 1060 est,
921 986 981 1067 qui
996 994 1078 1050 tunc
1093 1006 1156 1069 per

201 1082 407 1148 inundantia
431 1083 626 1167 pluviarum
651 1104 771 1149 omues
798 1092 909 1148 metas
932 1103 1015 1148 suas
1038 1093 1152 1149 trans-

202 1183 303 1261 ierat,
338 1184 485 1266 contigit
509 1191 549 1248 ut
578 1183 688 1247 multo
718 1183 834 1267 plures
864 1203 956 1266 aqua
981 1183 1155 1266 fugientes

204 1301 310 1365 quam
332 1283 502 1348 bellantes
519 1283 678 1366 perderet
692 1284 806 1363 ensis3
830 1282 919 1346 unde
941 1283 1052 1347 exivit
1073 1304 1154 1366 pro-

203 1383 371 1462 verbium,
388 1383 453 1446 ‘ln
471 1382 630 1447 Winwed
653 1402 754 1446 amne
772 1382 947 1447 vindicata
968 1390 1022 1446 est
1042 1384 1155 1447 caedes

203 1478 331 1559 Annae,
352 1483 464 1547 caedes
489 1503 608 1564 regum
632 1482 802 1564 Sigeberti
830 1489 866 1546 et
889 1482 1017 1565 Egrici‚
1041 1482 1154 1546 caedes

205 1580 360 1647 Oswaldi
386 1590 421 1646 et
446 1581 629 1647 Eadwini.'
680 1581 781 1646 Tunc
810 1602 871 1646 rex
891 1582 1028 1645 Oswius
1048 1583 1156 1666 juxta

203 1682 295 1764 quod
327 1682 479 1747 Domino
505 1690 650 1746 voverat
680 1702 742 1765 pro
765 1682 894 1746 collata
916 1682 981 1746 sibi
1008 1683 1156 1746 victoria

203 1782 335 1861 gratias
352 1783 429 1846 Deo
451 1782 603 1846 referens
623 1782 718 1846 dedit
731 1775 857 1845 ’filiam
874 1801 985 1858 suam,
1001 1802 1079 1865 quae
1093 1781 1153 1846 vix

203 1881 304 1944 unius
322 1883 404 1945 anni
422 1889 559 1947 aetatem
578 1880 794 1964 impleverat,
817 1889 986 1965 perpetua
1002 1883 1034 1945 ei
1048 1882 1156 1963 virgi-

204 1979 313 2046 nitate
337 1981 605 2046 consecrandam
622 1981 658 2044 in
682 1982 905 2059 monasterio,
930 1982 1024 2064 quod
1042 1974 1155 2044 ³Her-

204 2081 322 2159 tescia,
336 2080 371 2144 id
394 2089 460 2158 est,
476 2081 591 2145 insula
615 2082 721 2158 cervi,
747 2089 978 2163 nuncupatur,
993 2081 1048 2145 oui
1071 2089 1155 2145 tunc

202 2172 332 2245 ⁴Hilda
348 2181 489 2264 praefuit
505 2181 693 2245 abbatissa.
747 2180 836 2260 Quae
855 2188 1056 2264 comparata
1074 2200 1155 2263 pos·

202 2281 354 2346 sessione
363 2281 481 2345 decem
494 2280 701 2344 familiarum
712 2280 748 2344 in
758 2280 847 2357 loco,
857 2281 917 2363 qui
926 2286 936 2314 ‘
945 2279 1156 2344 Strenesbal’

202 2380 410 2463 appellatur,
439 2381 686 2444 monasterium
724 2380 771 2443 ibi
801 2381 1008 2446 construxit.
1075 2379 1156 2444 Hoc

202 2489 318 2544 autem
335 2481 462 2544 bellum
481 2499 542 2544 rex
562 2479 700 2544 Oswius
723 2479 766 2543 ad
789 2499 949 2562 magnam
973 2481 1155 2564 utriusque

202 2580 322 2662 populi
345 2580 531 2643 utilitatem
549 2580 711 2656 confecit,
729 2579 810 2643 dum
833 2599 932 2644 suam
950 2588 1087 2661 gentem
1111 2581 1156 2643 ab

202 2677 320 2742 hostili
342 2698 556 2763 paganorum
572 2678 840 2763 depopulatione
857 2680 1030 2758 liberavit,
1045 2687 1080 2744 et
1102 2681 1154 2762 ip·

203 2797 277 2842 sam
304 2787 442 2862 gentem
462 2779 684 2856 Meroiomm,
710 2778 844 2862 dejecto
870 2781 984 2863 capite
1012 2779 1156 2863 perfido,

203 2878 262 2961 qui
279 2898 398 2943 omnes
414 2885 618 2962 peremerat,
632 2878 676 2942 ad
692 2878 900 2944 christianae
915 2879 994 2943 fidei
1007 2879 1155 2960 gratiam

203 2979 388 3043 convertit.-
441 2977 615 3043 Successit
637 2985 753 3042 autem
778 2979 964 3043 Etbelhero
986 2979 1023 3040 in
1047 2997 1156 3058 regno

202 3076 421 3142 orientalium
439 3077 635 3159 Anglorum
661 3076 769 3142 frater
793 3078 869 3161 ejus
886 3072 1156 3153 ⁵EtbelwalduS,

241 3311 248 3342 ¹
265 3314 399 3379 Wiawed.]
416 3314 468 3364 ‘At
478 3314 529 3364 this
543 3314 594 3376 day
606 3314 667 3363 call·
727 3310 934 3374 ¹Etltelwaldus.]
947 3310 1155 3373 Heissupposed

203 3383 236 3433 ed
258 3384 396 3445 Winmore,
416 3384 473 3434 four
500 3386 573 3434 miles
603 3383 666 3433 from
691 3386 718 3431 to
737 3383 802 3430 hare
820 3381 881 3430 died
899 3382 925 3429 in
944 3384 1003 3430 664.
1040 3381 1082 3430 He
1100 3397 1156 3430 was

204 3454 297 3515 Leeds,
315 3470 348 3503 on
370 3455 413 3503 the
439 3455 502 3504 road
529 3463 555 3505 to
578 3454 668 3504 Yorlr.'
691 3450 832 3501 succeeded
851 3451 886 3512 by
904 3450 1034 3511 Eadwolf,
1051 3451 1094 3500 the
1110 3466 1156 3500 sou

204 3523 295 3575 camd.
306 3525 335 3574 ii.
346 3539 374 3586 p.
386 3528 427 3574 89.
692 3522 721 3571 of
729 3521 851 3571 Ethelher
861 3522 893 3582 by
908 3521 1072 3570 Hereswitha
1080 3521 1156 3570 sister

236 3590 351 3644 ’astam
368 3594 458 3657 auam]
477 3594 549 3643 Beda
566 3593 624 3642 tells
637 3608 667 3641 ua
692 3593 721 3641 of
731 3593 758 3641 S.
772 3591 870 3652 Hilda3
883 3590 942 3640 who
957 3591 1037 3653 dying
1053 3592 1078 3639 iu
1098 3595 1158 3653 688,

202 3664 465 3713 tbatbernamewas
475 3663 583 3713 Aelfled.
619 3664 667 3713 See
692 3661 732 3711 bis
743 3661 844 3711 brother
852 3660 1158 3724 Eadwald‚orElcwold,

203 3735 271 3784 Acta
281 3734 326 3784 SS.
339 3734 400 3784 Feb.
412 3739 472 3783 torn.
484 3734 512 3783 ii.
524 3750 550 3797 p.
565 3737 620 3782 178.
692 3733 819 3781 ascended
835 3731 877 3780 the
894 3732 992 3781 throne.
1027 3731 1081 3780 'l'be
1097 3733 1157 3781 time

237 3801 411 3867 ’Emended
428 3804 518 3853 Called
543 3805 576 3864 by
595 3802 668 3851 Beda
692 3803 722 3851 of
729 3802 771 3851 the
783 3801 859 3851 death
879 3800 907 3850 of
920 3801 979 3850 both
995 3801 1066 3851 these
1081 3801 1158 3864 ltings

204 3872 313 3935 Heortu,
331 3874 461 3936 supposed
479 3879 504 3923 to
521 3873 586 3922 have
604 3874 667 3922 been
693 3872 715 3920 is
733 3887 792 3933 very
811 3873 959 3932 uncertain;
975 3872 1022 3919 but
1040 3871 1095 3920 that
1115 3871 1157 3920 the

202 3943 313 3992 founded
331 3945 365 4005 by
378 3944 447 3992 Hieu
464 3958 494 3992 or
505 3943 593 4006 Bega3
611 3958 668 3992 now
694 3941 785 3991 former
795 3957 850 3990 was
857 3942 937 4004 living
948 3942 974 3989 in
985 3944 1044 4002 68⁰,
1055 3955 1094 3988 we
1107 3941 1158 3990 dud

205 4013 500 4075 Hartlepool,Durham.
694 4010 756 4060 from
779 4012 819 4059 bia
847 4012 923 4073 being
954 4010 1096 4058 mentioned
1124 4011 1157 4071 by

238 4077 362 4148 ‘Hildal
379 4084 427 4133 See
443 4083 490 4132 her
505 4082 550 4132 life
563 4083 588 4131 in
601 4082 668 4143 cap-
696 4083 768 4130 Beda
790 4095 818 4128 as
841 4085 942 4142 present
964 4085 991 4128 at
1009 4080 1052 4128 the
1077 4079 1158 4140 synod

205 4167 291 4214 grave,
313 4145 380 4202 Nor.
411 4154 474 4217 Leg.
498 4153 541 4202 fol.
571 4152 667 4202 clxxix.
694 4151 723 4198 of
754 4150 900 4199 fleathfield
934 4150 961 4198 in
995 4149 1049 4198 that
1088 4163 1158 4209 year.

204 4221 452 4288 Bedn,§³22,oeqq.
695 4218 777 4285 §802
