3000 5004
345 432 389 494 70
592 443 726 492 ιιοιιιιιιι
751 444 798 490 nn
822 440 1029 488 wnunovnn

347 604 420 666 dies
440 601 598 677 Paschae,
612 603 648 664 in
665 621 698 665 v.
717 599 788 664 kal.
807 597 949 681 Aprilis,
971 597 1048 661 ideo
1071 597 1298 679 improbatur,

348 704 431 784 quia
447 708 618 783 repugnat
633 699 843 781 evangelicae
859 699 1007 761 veritati.
1061 696 1142 759 Hoc
1159 717 1297 780 quoque

349 822 440 866 anno
458 802 645 882 imperator
662 799 684 862 J
688 799 883 862 ustinianus
910 797 1016 860 libros
1032 797 1148 878 legum
1166 795 1298 860 Roma-

351 920 472 964 norum
488 900 705 963 abbreviavit
728 898 763 961 in
787 917 854 961 uuo
871 897 1057 973 volumine,
1075 895 1167 977 quod
1185 896 1207 959 J
1211 898 1298 960 usti·

351 1001 491 1063 nianum
507 1005 663 1063 vocatur.

435 1173 536 1235 emto
544 1173 671 1257 primos
686 1192 739 1233 rac
753 1168 939 1232 australium
955 1170 1112 1232 Saxonum
1128 1166 1212 1232 obiit.

296 1342 300 1351 .
403 1295 506 1359 Auno
532 1295 655 1377 gratiae
678 1309 846 1357 nxxxru.
864 1292 990 1369 Certic,
1012 1293 1143 1380 primus
1161 1311 1223 1355 rex
1241 1311 1300 1356 oc·

223 1373 282 1452 ‘a‘’
352 1395 574 1459 cidentalium
599 1393 788 1469 Saxonum,
809 1401 965 1455 mortuus
992 1399 1057 1468 est,
1080 1399 1116 1454 et
1142 1393 1301 1472 regnavit

353 1514 417 1577 pro
448 1513 489 1557 eo
518 1487 679 1556 ¹Kineric
709 1491 801 1555 filius
835 1490 910 1574 ejus
940 1492 1065 1573 viginti
1092 1510 1156 1554 sex
1185 1493 1299 1555 annis.

354 1593 485 1656 Eodem
509 1600 674 1674 tempora,
698 1612 760 1655 rex
779 1589 965 1668 Arthurns,
988 1598 1098 1654 totam
1125 1590 1299 1673 Europam

353 1693 541 1775 subjugare
563 1691 740 1767 affectans,
762 1698 886 1772 parato
907 1690 1058 1772 navigio,
1078 1688 1300 1771 Norwegiam

354 1791 474 1854 adivit.
520 1789 690 1868 Quocum
704 1790 930 1872 pervenisset,
947 1791 1079 1853 invenit
1089 1788 1300 1853 Sichelinum

354 1891 477 1973 patriae
500 1890 593 1953 illius
611 1909 726 1971 regem
743 1890 818 1973 jam
841 1889 1053 1966 defunctum,
1070 1888 1130 1971 qui
1152 1889 1301 1953 moriens

192 2006 273 2044 Anum
356 1988 469 2053 Lotho
486 1991 617 2053 sororio
631 1988 775 2054 Arthuri
792 2009 937 2071 regnum
951 1989 1192 2070 assignaverat
1208 1988 1302 2052 Nor·

193 2055 318 2095 annana

195 2106 310 2155 bouum
355 2090 586 2170 wegensium;
628 2097 703 2153 erat
739 2090 829 2151 enim
857 2088 946 2152 Loth
982 2107 1089 2171 nepos
1125 2087 1302 2166 Sichelini‚

193 2155 287 2195 ΗΜ
258 2166 321 2205 ‘'⁸''
350 2189 491 2273 juvenis
522 2189 618 2252 mirae
633 2173 835 2271 probitatis
862 2195 969 2270 atque
996 2186 1182 2269 largitatis,
1210 2187 1301 2251 unde

354 2289 443 2352 sibi
434 2308 470 2352 ιιι
485 2308 629 2370 regnum
644 2287 827 2351 succedere
844 2286 1084 2368 adoptaverat.
1136 2286 1223 2351 Erat
1241 2306 1303 2351 au·

355 2397 423 2451 tem
448 2395 530 2451 tunc
545 2382 780 2452 ²Walwainus
798 2385 890 2449 filius
913 2385 1069 2468 praedicti
1086 2385 1201 2461 Lothi,
1216 2386 1302 2450 duo-

355 2486 465 2550 decim
493 2505 661 2549 annorum
683 2486 836 2569 juvenis,
864 2485 993 2567 Vigilio
1020 2503 1121 2567 papae
1152 2484 1302 2550 traditus

355 2585 399 2649 ad
426 2585 658 2660 nutriendum,
675 2604 780 2667 aquo
802 2586 907 2648 etiam
924 2592 959 2648 et
976 2584 1106 2648 militiae
1126 2584 1303 2666 cingulum

355 2685 499 2765 accepit.
551 2684 706 2749 Tandem
729 2704 807 2748 cum
830 2683 1006 2747 Arthurns
1032 2682 1195 2760 Lothum,
1220 2686 1303 2747 sub·

355 2784 444 2846 actis
461 2782 767 2865 Norwegensibus,
784 2783 820 2846 in
843 2803 986 2865 regnum
1010 2783 1242 2858 sublimasset,
1258 2784 1302 2848 ad

356 2882 571 2946 Britanniam
609 2903 688 2947 cum
726 2883 854 2965 gaudio
889 2883 1067 2958 remeavit,
1102 2882 1304 2947 Gallicanas

354 2990 470 3063 partes
493 2983 588 3047 adire
610 2983 820 3058 desiderans,
836 3000 924 3064 quas
945 3001 1051 3064 supra
1073 2982 1212 3046 modum
1237 2983 1303 3048 sibi

352 3082 498 3145 subdere
513 3082 708 3147 anhelabat.

298 3225 302 3234 .
404 3180 510 3245 Anno
525 3184 647 3263 gratiae
666 3198 828 3245 uxxxrv.
845 3180 1081 3245 Theudoricus
1097 3181 1216 3258 abhas,
1232 3181 1303 3244 dis-

354 3281 489 3361 cipulus
515 3283 627 3346 sancti
654 3280 818 3363 Remigii,
845 3289 881 3344 et
906 3279 1155 3362 Theodulphus
1183 3282 1302 3358 abbas,

355 3381 462 3461 ipsius
479 3380 685 3444 Theoderici
699 3380 901 3462 discipulus,
916 3381 951 3442 in
966 3379 1084 3444 Gallia
1099 3380 1243 3444 clarent.

297 3524 301 3532 -
405 3477 508 3544 Anno
530 3482 652 3562 gratiae
670 3496 819 3543 nxxxv,
838 3480 873 3543 in
891 3478 1008 3543 Gallia
1029 3481 1162 3543 clarent
1178 3479 1303 3543 fratres

355 3579 493 3655 uterini,
534 3579 652 3643 eadem
683 3578 739 3642 die
768 3579 856 3669 nati,
888 3579 1008 3642 eadem
1037 3579 1092 3642 die
1123 3580 1302 3660 pontifices

353 3679 557 3754 consecrati,
573 3677 760 3740 Medardus
773 3678 932 3754 videlicet
949 3677 992 3741 ad
1011 3677 1151 3742 titulum
1169 3677 1302 3743 Novio-

353 3794 516 3853 mensem‚
531 3775 721 3859 Gildardus
748 3776 792 3839 ad
811 3776 1141 3860 Rotbomagensem,
1159 3797 1228 3842 uno
1245 3778 1301 3841 die

351 3874 501 3938 absoluti
518 3894 540 3938 a
554 3876 671 3939 seculo
688 3883 723 3939 et
739 3876 914 3959 adsumpti
930 3897 951 3941 a
966 3877 1116 3942 Christo.

389 4078 394 4109 ¹
419 4082 521 4132 Kincrie
543 4084 617 4147 filius
638 4085 722 4148 qiua]
750 4085 812 4133 This
871 4081 1303 4152 ²ll'olout'nas]Asterwardshill·

349 4168 438 4214 amoos
450 4153 511 4201 with
524 4155 565 4202 the
577 4162 682 4204 account
693 4156 766 4217 given
778 4156 809 4216 by
837 4155 867 4202 ed
889 4161 915 4203 at
928 4155 969 4203 the
988 4156 1063 4203 battle
1075 4156 1103 4203 ol
1117 4155 1264 4215 sandwicb,
1277 4157 1302 4203 iu

350 4224 518 4284 blulursbury,
530 4222 542 4289 t
553 4229 590 4275 16.
837 4225 878 4273 tho
891 4240 952 4285 year
963 4229 1008 4274 otl
1023 4237 1029 4283 ;
1042 4239 1084 4273 see
1095 4225 1186 4286 below,
1198 4240 1224 4286 p.
1236 4229 1277 4274 74.
1298 4291 1299 4294 Ἴ
