3000 5004
336 462 404 530 508
596 477 730 526 sooner
754 476 802 524 nn
824 474 1030 524 wnnoovna

336 634 467 711 roldns,
490 633 534 696 ad
550 634 736 698 vindictam
759 639 968 715 provocatus
990 651 1012 695 a
1035 631 1156 709 fratre,
1175 632 1300 714 ipsum

336 733 428 798 inter
454 733 598 797 bracbia
623 732 843 815 complexum
871 733 907 795 in
936 730 1066 796 editum
1091 731 1230 809 levans,
1257 733 1295 794 in

338 832 575 916 pavimentum
598 831 812 896 truculenter
836 830 1005 914 projecit;
1028 849 1099 913 quo
1115 831 1208 908 viso,
1230 832 1296 894 mi·

339 931 419 996 lites
441 929 593 1013 undique
616 931 847 1013 prosilientes,
863 937 899 994 et
914 929 1009 994 litem
1022 929 1098 1013 jam
1115 929 1209 993 inter
1225 928 1293 993 fra·

341 1032 412 1095 tr'es
435 1037 665 1095 contestatam
688 1037 848 1113 potenter
871 1027 1081 1104 dirimentes,
1105 1028 1294 1093 bellatores
1384 1093 1389 1101 ,

341 1129 490 1212 inclytos
504 1131 549 1193 ab
565 1129 712 1194 invicem
727 1127 931 1192 diviserunt.
984 1127 1065 1192 Rex
1079 1135 1197 1191 antem
1216 1147 1295 1210 per·

342 1229 466 1293 niciem
501 1227 687 1293 eorundem
716 1227 863 1291 fratrum
890 1227 966 1311 jam
998 1227 1295 1313 appropinquare,

342 1335 378 1393 et
399 1329 486 1391 iram
511 1326 579 1392 Dei
600 1327 758 1392 ultricem
780 1325 932 1391 nondum
955 1345 1031 1391 esse
1056 1325 1295 1403 differendam,

343 1427 517 1510 praedixit.
568 1426 693 1491 Tantae
716 1444 864 1507 namque
886 1425 1081 1508 iniquitatis
1095 1444 1218 1489 omnes
1235 1426 1297 1490 filii

345 1524 507 1590 Godwini
522 1525 709 1609 proditoris
725 1531 837 1601 erant,
853 1524 945 1607 quod
961 1525 992 1588 si
1009 1524 1158 1608 alicujus
1175 1524 1298 1589 villam

346 1624 491 1688 nitidam
517 1626 768 1707 conspicerent,
794 1623 971 1688 dominum
997 1623 1091 1688 illius
1116 1623 1161 1688 de
1192 1633 1297 1689 nocte

346 1722 494 1787 interfici
520 1731 744 1806 procurarent
773 1731 809 1788 et
839 1723 1040 1804 progeniem
1068 1722 1145 1806 ejus
1170 1730 1296 1801 totam,

346 1822 465 1903 sicque
486 1828 526 1884 ut
547 1823 801 1902 possessionem
819 1820 973 1887 defuncti
990 1823 1208 1901 obtinerent3
1236 1824 1298 1906 qui

346 1926 462 1984 tamen
490 1939 595 2002 super
621 1927 675 1986 tot
695 1921 831 2003 flagitia
852 1922 945 2003 regis
968 1921 1226 2004 simplicitatem
1249 1923 1300 1986 ita

346 2020 656 2098 circumvenerunt,
666 2020 758 2102 quod
767 2022 862 2104 ipsos
876 2020 975 2102 regni
986 2019 1204 2103 justiciarios
1215 2028 1300 2086 con-

345 2121 509 2184 stituerat
533 2131 569 2183 et
591 2127 752 2184 rectores.
804 2120 947 2183 Tostins
971 2119 1089 2201 igitur,
1105 2127 1187 2201 post
1206 2119 1298 2184 banc

346 2219 606 2282 altercationem
621 2238 698 2283 cnm
712 2219 820 2282 fratre
832 2217 992 2282 Haroldo
1006 2218 1147 2296 factam,
1163 2238 1187 2282 a
1201 2221 1301 2283 curia

346 2317 439 2399 regis
461 2317 665 2382 furibundus
680 2317 834 2395 recessit,
851 2325 886 2382 et
902 2319 1043 2381 veniens
1066 2317 1110 2380 ad
1129 2317 1300 2382 Heresor·

346 2416 485 2480 densem
502 2417 691 2493 civitatem,
708 2418 768 2481 ubi
782 2416 890 2481 frater
904 2436 989 2480 suus
1004 2416 1185 2480 Haroldus
1202 2437 1302 2500 mag·

348 2535 429 2579 num
453 2517 527 2596 regi
550 2518 746 2581 convivium
767 2523 965 2598 paraverat,
982 2535 1100 2580 omnes
1122 2517 1301 2581 ministros

348 2614 424 2696 ejus
451 2614 682 2692 detruncavit,
704 2625 740 2679 et
763 2617 857 2679 vasis
881 2616 1039 2696 singulis,
1056 2616 1129 2678 vini
1154 2615 1302 2693 scilicet,

349 2712 517 2789 medonis,
544 2714 711 2791 cervisiae,
734 2715 903 2797 pigmenti
927 2714 1052 2778 morati
1072 2715 1194 2791 cicere,
1219 2734 1300 2779 crus

349 2811 548 2890 humanum,
571 2813 748 2876 brachium
764 2814 819 2876 vel
843 2813 983 2895 aliquod
1006 2814 1196 2877 membrum
1219 2834 1302 2896 pro·

343 2910 442 2994 jecit,
467 2912 634 2988 mandans
657 2914 741 2994 regi,
759 2922 799 2976 ut
821 2913 864 2975 ad
887 2912 1136 2994 firmamsnam
1154 2915 1301 2977 veniens

348 3010 443 3075 cibos
466 3010 509 3074 ad
532 3010 771 3075 sufficientiam
788 3012 960 3076 inveniret
979 3012 1141 3088 salsatos,
1157 3011 1302 3076 delicias

349 3129 466 3173 secum
482 3109 613 3174 deserte
629 3119 777 3174 curaret.
825 3111 902 3174 Rex
920 3131 1058 3194 quoque
1075 3110 1140 3174 hoc
1154 3110 1301 3175 audiens

349 3210 394 3271 ob
420 3210 532 3272 scelus
557 3209 643 3274 adeo
664 3209 906 3274 detestandum
929 3230 1007 3274 eum
1031 3211 1186 3274 exsulari
1208 3230 1300 3293 prae-

345 3308 448 3389 cepit.

369 3482 519 3562 Quaem
533 3485 685 3550 Norenses
701 3486 836 3550 sonitem
851 3507 941 3550 soem
959 3485 1095 3550 Touimn
1110 3483 1149 3549 ab
1164 3485 1288 3572 Anylio

720 3586 926 3670 supervaleat.

239 3737 253 3766 u
293 3737 307 3766 n
400 3707 529 3771 Eodem
567 3717 720 3791 tempore
758 3708 1146 3774 Nortbanbumbrenses
1178 3710 1305 3791 quinto

283 3805 288 3816 ’
350 3827 459 3870 nonas
491 3807 652 3871 Octobris
682 3807 819 3871 insimul
856 3809 1067 3891 conglobati,
1098 3809 1141 3870 ad
1170 3808 1305 3873 Ebora-

351 3925 428 3969 cum
457 3906 646 3982 venientes,
667 3908 827 3972 comitem
851 3928 950 3971 suum
974 3907 1134 3971 Tostium
1157 3906 1305 3988 liugave·

350 4013 445 4083 runt,
471 4012 505 4069 et
526 4004 690 4069 familiam
714 4007 789 4090 ejus
813 4014 934 4082 totam,
958 4014 1029 4070 tam
1054 4006 1175 4070 Danos
1197 4026 1303 4088 quam

352 4104 501 4188 Anglos‚
518 4106 738 4188 perimentes,
753 4107 934 4172 thesauros
952 4115 988 4171 et
1003 4125 1110 4184 arma,
1133 4113 1168 4170 et
1186 4108 1305 4171 omnia

350 4225 429 4287 quae
443 4206 536 4270 illins
553 4213 664 4283 erant,
681 4215 890 4289 rapuerunt3
912 4227 982 4290 quo
996 4206 1156 4290 expulso,
1173 4207 1305 4272 consti·
