3000 5004
467 465 603 513 nunnus
633 465 922 536 nrsronrsnuu„
1088 452 1153 516 481

202 629 335 702 etpost
356 628 489 703 patrem
513 623 701 704 imperator
715 632 865 701 creatus,
888 626 1057 706 repetenti
1082 625 1152 688 cle·
1165 640 1257 691 beseno

202 720 273 783 rico
296 721 533 803 episcopatum
559 721 725 802 donavit;
760 724 912 787 sednon
938 725 1047 787 multo
1073 733 1153 807 post

202 818 302 900 gravi
331 820 531 884 infirmitate
567 830 746 903 correptus
784 821 873 886 lecto
906 822 1080 899 decubuit,
1115 832 1152 887 ct

202 918 408 999 aegritudine
422 918 655 983 invalescente
667 940 728 1002 per
742 921 894 984 triduum
906 923 1036 1002 absque
1047 941 1152 985 sensu

201 1024 238 1081 et
254 1037 351 1095 voce,
376 1024 411 1080 et
433 1018 533 1100 quasi
561 1039 580 1081 e
604 1038 748 1100 corpore
774 1027 908 1101 raptus,
931 1020 1085 1103 jacebat,
1112 1029 1152 1084 ut

201 1115 276 1179 solo
307 1124 446 1198 pectore
470 1116 586 1180 vitalis
614 1118 674 1180 vix
699 1117 843 1200 spiritus
866 1119 1064 1201 palpitaret,
1088 1139 1151 1182 nec

202 1214 296 1277 aliud
326 1216 408 1280 vitae
438 1223 514 1281 erat
544 1215 720 1292 indicium,
748 1217 814 1280 nisi
836 1217 940 1297 quod,
969 1236 1073 1280 manu
1106 1217 1150 1280 ad

202 1333 304 1377 nares
330 1315 502 1397 apposita,
526 1315 741 1378 sentiebatur
767 1314 939 1380 anhelitus
974 1316 1149 1398 perexilis.

201 1412 300 1477 Tunc
326 1421 515 1495 praesentes
540 1414 692 1496 episcopi
721 1421 756 1478 et
782 1416 894 1491 amici,
912 1415 1073 1479 triduano
1096 1415 1149 1477 in·

201 1511 294 1575 dicto
305 1511 453 1596 jejunio,
474 1512 659 1595 lachrymis
683 1521 718 1576 et
735 1513 827 1577 votis
843 1514 996 1577 divinam
1013 1533 1076 1595 pro
1093 1532 1150 1577 sa·

202 1610 273 1673 lute
305 1612 522 1693 imperatoris
547 1611 763 1675 clementiam
795 1613 1039 1694 implorabant,
1073 1613 1149 1694 qui·

200 1710 276 1785 bus,
292 1719 331 1774 ut
348 1711 511 1788 creditur,
527 1711 686 1774 remediis
703 1711 957 1790 convalescens,
976 1711 1087 1800 accito
1105 1711 1149 1774 ad

201 1828 239 1871 se
261 1810 424 1892 episcopo
446 1811 634 1874 simoniace
651 1830 714 1892 pro
739 1810 857 1874 fistula
880 1819 1047 1892 argentea
1069 1831 1148 1892 pro·

201 1916 305 1984 m0t0,
329 1908 426 1972 illum
447 1930 508 1992 per
523 1909 698 1973 decretum
714 1911 851 1973 concilii
864 1910 1091 1991 degradavit3
1114 1919 1150 1973 et

200 2007 378 2072 confessus
388 2016 442 2072 est
453 2010 652 2091 imperator,
668 2009 886 2072 audientibus
899 2009 1045 2083 cunctis,
1056 2009 1149 2090 quod

201 2125 263 2188 per
277 2115 387 2171 totum
412 2108 576 2184 triduum,
593 2127 662 2189 quo
684 2108 854 2170 exanimis
872 2107 1044 2190 jacuerat,
1060 2106 1150 2169 inter

201 2205 375 2270 daemones
401 2208 624 2283 constitutus,
646 2206 724 2270 illos
748 2206 835 2269 adeo
860 2206 970 2268 sensit
993 2204 1150 2282 infestos,

201 2305 294 2387 quod
308 2306 465 2369 flammas
480 2306 601 2388 igneas
616 2325 678 2388 per
693 2305 843 2368 fistulam
859 2303 955 2367 illam
970 2305 1006 2366 in
1021 2322 1060 2366 os
1075 2303 1150 2386 ejus

196 2404 407 2488 jaculantes,
427 2424 553 2487 corpus
575 2403 669 2467 illius
690 2412 815 2480 totum,
833 2412 905 2466 tam
929 2403 1025 2466 intus
1044 2421 1149 2484 quam

202 2504 368 2580 exterius,
397 2505 639 2569 incendebant.
692 2503 851 2566 Flamma
881 2501 1020 2585 quidem
1052 2501 1149 2564 illum

202 2603 289 2665 adeo
320 2604 501 2682 exurebat,
529 2602 620 2685 quod
651 2611 808 2667 terrenus
838 2603 929 2683 ignis
962 2607 1091 2677 noster,
1113 2601 1150 2665 in

202 2702 460 2785 comparatione
500 2702 593 2766 illius
622 2702 783 2779 flammae,
812 2702 950 2783 tepidus
983 2710 1018 2765 et
1048 2701 1148 2781 quasi

203 2801 288 2865 nihil
310 2801 436 2866 caloris
456 2802 616 2867 videatur
641 2800 789 2880 habere3
813 2801 872 2865 sed
891 2802 981 2865 iuter
1003 2799 1078 2864 haec
1101 2799 1150 2863 in-

201 2901 323 2965 cendia
338 2903 545 2983 gravissima
562 2901 683 2965 habuit
695 2900 867 2983 quendam
875 2900 1052 2982 juvenem,
1065 2917 1152 2981 qua-

203 3000 233 3063 si
261 3008 415 3064 assatum
443 3001 537 3082 igne,
558 2999 673 3062 dictus
694 3001 894 3081 imperator,
920 2998 980 3079 qui
1009 2998 1150 3060 calicem

203 3118 345 3162 aureum
358 3100 454 3161 mirae
469 3096 716 3179 magnitudinis
730 3115 824 3178 aqua
838 3096 977 3178 plenum
993 3096 1151 3158 manibus

204 3198 369 3278 portavit,
385 3197 485 3280 cujus
499 3196 731 3261 sollicitudine
754 3214 794 3258 ac
816 3194 931 3258 laticis
954 3194 1152 3275 aspersione

204 3294 384 3357 ardoribus
404 3296 600 3372 exstinctis,
618 3294 661 3358 ad
687 3295 868 3377 pristinam
895 3291 997 3357 rediit
1020 3292 1152 3356 sanita-

205 3402 294 3471 tem;
318 3412 465 3476 cumque
484 3394 527 3458 de
547 3394 679 3478 juvene
705 3401 822 3457 assato
848 3393 1030 3455 miraretur
1046 3391 1154 3472 impe-

205 3503 311 3569 rator,
329 3493 406 3574 quis
422 3501 515 3558 esset
530 3494 590 3576 qui
614 3493 679 3556 sibi
704 3491 918 3572 refrigerium
933 3491 1154 3574 praestiterat,

205 3591 334 3655 dictum
355 3593 385 3656 ei
410 3613 472 3674 per
490 3612 608 3656 vocem
630 3592 765 3656 caelitus
790 3591 963 3665 emissam,
988 3588 1155 3664 ‘Reduc,’

205 3692 328 3772 inquit,
344 3693 408 3755 ‘ad
424 3693 623 3755 memoriam
640 3691 683 3755 de
703 3690 862 3755 coenobio
878 3689 970 3752 beati
994 3686 1156 3770 martyris

206 3790 397 3868 Laurentii,
413 3790 495 3854 olim
510 3810 532 3855 a
548 3790 695 3873 paganis
711 3791 901 3865 destructo,
917 3788 1008 3870 quod
1035 3786 1157 3850 reaedi-

205 3890 329 3966 ficasti‚
352 3898 399 3967 ct,
426 3889 602 3954 monachis
624 3891 807 3971 impositio,
833 3888 965 3970 praedia
991 3888 1101 3950 multa
1123 3894 1157 3949 et

204 3996 420 4066 ornamenta,
446 4008 525 4052 cum
554 4008 659 4052 aureo
683 3988 790 4052 calice
815 3988 959 4069 gemmis
984 3986 1159 4059 decorato,

205 4109 304 4170 quem
324 4090 368 4151 ob
384 4088 477 4151 illius
495 4088 658 4171 martyris
673 4087 837 4151 honorem
850 4086 1059 4150 monasterio
1076 4103 1158 4145 cou-

206 4188 339 4265 tulisti;
364 4189 454 4252 unde
481 4187 671 4251 certissime
699 4204 890 4266 cognoscas
915 4183 1028 4265 ipsum
1055 4182 1160 4244 luisse

256 4303 336 4350 von.
355 4303 377 4350 ι.
952 4281 1008 4344 21
