3000 5004
392 425 532 475 saeuus
556 427 828 476 ursronraauu.
1021 412 1087 477 223

129 584 173 647 ad
194 583 284 647 diem
301 583 493 648 Dominicae
518 582 742 662 ascensionis,
764 584 800 647 id
823 592 877 647 est
901 583 1086 666 septimum

129 682 201 746 kal.
224 683 248 748 J
251 675 336 759 unii,
364 683 518 766 quotidie
544 682 722 765 discipulis
752 683 824 746 suis
850 683 1016 747 lectiones
1039 702 1085 746 ex

129 781 255 846 divinis
278 783 460 865 scripturis
480 782 702 859 distribuens,
724 782 888 864 quicquid
915 782 1085 864 reliquum

130 889 207 946 erat
228 881 296 946 diei
321 883 357 946 iu
377 882 589 964 psalmorum
619 889 791 945 concentu
813 888 849 944 et
871 882 1084 946 orationibus

131 980 349 1062 transigebat
367 1002 375 1059 ;
399 987 535 1045 noctem
552 1000 633 1044 vero
650 988 761 1044 totam
777 981 813 1043 in
829 980 953 1044 laetitia
969 988 1004 1044 et
1021 1001 1084 1044 ex·

131 1080 313 1158 ultatione,
333 1080 435 1144 simul
457 1099 536 1144 cum
557 1080 747 1161 gratiarum
768 1080 916 1155 actione,
937 1079 1085 1161 pervigil

132 1180 292 1255 ducebat,
315 1181 382 1242 nisi
400 1179 552 1244 vicissim
574 1197 714 1242 somnus
737 1178 953 1260 permodicus
976 1179 1085 1260 impe·

131 1279 230 1342 diret.
283 1276 404 1342 Tertia
422 1286 538 1343 autem
554 1278 640 1341 seria
657 1285 738 1341 ante
758 1277 994 1341 ascensionem
1012 1277 1085 1340 Do·

132 1377 294 1442 miricam
319 1379 427 1460 caepit
448 1377 684 1441 vehementius
714 1384 884 1457 aegrotare
912 1376 948 1439 in
978 1376 1085 1440 anbe-

132 1477 210 1554 litu,
228 1484 335 1559 atquc
354 1484 469 1541 tumor
485 1476 641 1540 modicus
655 1477 690 1538 in
711 1476 855 1559 pedibus
881 1477 1085 1557 apparebat,

133 1576 257 1639 vicinae
284 1577 404 1640 mortis
430 1594 612 1658 praesagus
642 1582 677 1638 et
707 1575 835 1653 index3
860 1580 945 1638 tunc
971 1575 1085 1639 accita

132 1674 402 1756 congregatione
432 1676 595 1739 inunctus
632 1681 687 1738 est
715 1693 795 1738 cum
826 1673 946 1736 osculo
977 1675 1085 1755 pacis,

133 1781 238 1856 atque
258 1774 384 1838 viatico
402 1782 599 1838 reverenter
616 1780 746 1841 etcum
763 1772 949 1855 lachrymis
966 1791 1085 1855 sump-

133 1880 183 1949 to,
197 1874 398 1937 memoriam
413 1892 487 1937 suae
507 1874 632 1936 animae
648 1891 670 1935 a
691 1872 838 1953 singulis
856 1871 1084 1954 implorabat3

133 1971 308 2035 nonnullis
326 1991 408 2036 vero
431 1971 474 2035 de
502 1970 667 2035 iratribus
691 1970 947 2035 familiariorem
971 1970 1085 2035 decla·

134 2089 215 2133 rans
240 2070 440 2146 amicitiam,
474 2070 615 2134 xeniola
643 2070 803 2151 quaedam
834 2070 1002 2133 secretius
1033 2076 1087 2134 est

135 2169 294 2252 largitus.
357 2170 425 2235 Die
455 2189 593 2253 quoque
628 2169 822 2233 Dominicae
861 2169 1087 2246 ascensionis,

134 2288 211 2333 cum
232 2268 308 2352 jam
333 2270 449 2334 exitus
483 2270 608 2333 animae
639 2268 682 2332 da
711 2287 855 2350 corpore
880 2268 1087 2346 immineret,

133 2377 256 2432 contra
280 2369 481 2444 oratorium,
497 2369 534 2431 in
556 2387 625 2450 quo
653 2387 752 2431 orare
776 2373 1017 2444 consueverat,
1039 2368 1088 2431 ci'-

134 2466 213 2532 licio
236 2468 302 2531 sub
326 2486 364 2531 se
386 2467 500 2551 posito
525 2467 745 2543 decumbens,
766 2466 903 2548 integro
927 2466 1028 2530 vultu
1051 2476 1088 2531 et
1129 2468 1137 2484 ⁹

134 2585 251 2643 sensu,
267 2567 386 2648 sicque
406 2566 524 2630 dicens
547 2566 698 2648 Spiritus
722 2565 842 2629 Sancti
865 2567 1015 2646 gratiam
1036 2566 1089 2628 in-

135 2665 282 2742 vitabat,
296 2670 307 2699 ‘
322 2665 353 2729 Ο
367 2665 448 2729 Rex
458 2666 591 2747 gloriae,
602 2666 751 2731 Domine
761 2665 941 2741 virtutum,
951 2666 1012 2747 qui
1026 2666 1088 2730 tri·

135 2764 321 2847 umphator
336 2765 439 2829 hodie
456 2784 561 2848 super
575 2784 694 2830 omnes
709 2764 813 2828 caelos
831 2763 1030 2840 ascendisti,
1045 2783 1089 2828 na

135 2864 353 2946 derelinquas
375 2883 438 2928 nos
465 2865 651 2946 orphanoS,
674 2863 734 2927 sed
756 2864 855 2927 mitte
880 2863 1089 2944 promissum

137 2962 254 3026 Patris
275 2963 311 3025 in
334 2982 398 3027 nos
415 2962 581 3045 Spiritum
597 2961 778 3038 veritatiS,’
802 2969 836 3025 et
850 2960 916 3025 hac
931 2962 1089 3025 oratione

136 3062 309 3145 completa
339 3062 498 3143 spiritum
526 3063 716 3126 exhalavit.
780 3060 941 3124 Exeuute
971 3068 1089 3125 autem

137 3162 265 3237 anima,
294 3161 399 3225 talem
429 3161 570 3226 odorem
594 3158 822 3244 [senserunt]
856 3158 994 3240 qualem
1025 3178 1089 3224 neo

137 3260 328 3342 thymiama
350 3260 473 3343 spirat,
502 3279 566 3326 nec
597 3260 751 3344 pretiosa
776 3258 932 3321 balsama
959 3259 1088 3321 submi·

138 3360 298 3423 nistrant.
351 3359 514 3442 Sepultus
531 3367 585 3423 est
599 3367 715 3423 autem
732 3366 816 3421 tunc
830 3357 866 3419 in
881 3357 1000 3420 eodem
1017 3377 1090 3421 mo*
1102 3376 1197 3468 mor

137 3458 302 3536 nasterio,
329 3451 406 3522 ¹sed
429 3458 531 3522 modo
554 3478 632 3522 cum
658 3458 762 3520 beato
785 3455 990 3533 Cutbberto,
1013 3457 1089 3519 Du·
1171 3457 1176 3468 '

136 3557 304 3621 nelmeusi
331 3557 506 3640 episcopo,
527 3557 712 3640 requiescit
732 3556 768 3620 in
791 3555 914 3619 locello
937 3575 982 3618 cx
1004 3575 1090 3619 auro

137 3662 173 3720 et
188 3663 333 3740 argento
348 3657 548 3722 fabrefacto.

174 3931 243 3981 'Sed
260 3926 359 4050 moli
368 3932 419 3980 His
437 3931 515 3980 boner
534 3944 601 3979 were
629 3945 645 3979 a
663 3930 749 3990 monk,
759 3930 875 3980 between
888 3929 931 3978 tba
943 3943 1017 3991 years
1030 3933 1092 3978 1⁰21

135 4001 321 4062 translatedby
360 4000 602 4063 ctbeitoiAelirid,
627 4000 678 4049 and
692 4003 764 4051 1011.
800 4000 896 4049 Iatrod.
908 4014 935 4061 p.
947 4014 991 4048 xx.
1003 4003 1066 4047 note.
