3000 5004
474 394 613 443 anonas
637 393 907 442 ursroaraauu.
1093 379 1160 444 209

202 550 283 614 inde
306 551 527 616 sublevatum
548 572 611 636 per
633 553 710 618 loca
736 554 938 637 asperrima,
957 552 1157 617 dilaceratis

202 649 275 713 fere
289 653 519 716 membrorum
544 654 770 735 compagibus
794 652 947 716 trahunt.
999 652 1156 716 Tandem

204 750 384 832 paulisper
400 771 478 815 eum
501 752 643 828 sistunt,
660 753 882 835 imperantes,
900 760 940 816 ut
952 753 996 815 ab
1012 752 1073 815 illa
1095 751 1157 815 ha·

204 848 372 914 bitatione
404 851 570 927 discedat,
601 860 639 915 at
663 852 722 915 ille
744 851 934 933 respondit,
960 851 1155 915 ‘Dominus

203 965 225 1009 a
248 948 382 1012 dextris
406 957 460 1013 est
482 949 577 1027 mihi,
600 970 643 1014 ne
665 950 914 1029 commovear3'
946 950 1070 1014 iterum
1093 951 1154 1014 ad·

203 1057 379 1112 sumentes
407 1068 497 1126 eum,
520 1048 668 1131 flagellis
696 1049 803 1113 veluti
827 1049 945 1112 ferreis
973 1051 1154 1115 verberare

203 1155 397 1228 coeperunt,
412 1149 699 1229 verberatumque
721 1168 763 1211 ac
785 1149 965 1211 tormentis
987 1149 1154 1231 multipli-

203 1245 289 1309 citer
305 1246 469 1311 afflictum
485 1248 681 1311 subvehunt
702 1247 738 1310 in
761 1265 887 1324 aerem,
904 1248 961 1311 ubi
975 1267 1019 1309 ex
1037 1248 1153 1312 multi·

203 1344 324 1408 tudine
340 1347 524 1428 spirituum
542 1347 794 1410 immundorum
814 1347 937 1410 caelum
959 1346 1153 1427 nigrescere

203 1441 397 1522 videbatur,
434 1446 494 1527 qui
528 1445 630 1509 simul
667 1445 782 1529 juncti
819 1444 985 1509 famulum
1022 1444 1153 1510 Christi

203 1541 247 1604 ad
270 1545 393 1608 tartari
408 1544 526 1608 fauces
549 1565 660 1627 usque
682 1544 886 1626 perducunt.
939 1544 1005 1607 Ille
1028 1544 1153 1608 inferni

203 1651 376 1706 tormenta
389 1645 611 1726 perspiciens,
628 1663 752 1726 poenas
774 1663 906 1720 omnes,
921 1662 1009 1725 quas
1027 1662 1152 1725 passus

202 1739 327 1819 fuerat,
359 1743 487 1806 oblitus
518 1751 583 1820 est,
611 1762 657 1807 ex
680 1742 937 1824 comparatione
969 1742 1151 1825 majorum.

201 1838 301 1903 Tunc
327 1841 497 1924 incipiunt
522 1849 644 1906 sancto
665 1841 833 1905 insultare
855 1841 1021 1918 dicentes,
1037 1846 1047 1874 ‘
1061 1841 1152 1906 Ecce

201 1946 409 2021 potestatem
429 1940 595 2004 habemus
623 1949 658 2004 te
676 1940 857 2004 detrudere
879 1941 916 2003 in
940 1939 1003 2003 has
1018 1960 1152 2022 poenas,

202 2046 240 2102 ut
260 2038 316 2102 hic
331 2059 394 2121 pro
416 2040 568 2123 peccatis
590 2040 661 2104 tuis
683 2048 850 2121 perpetuo
866 2036 1043 2122 puniaris!
1094 2039 1151 2104 Ad

202 2156 290 2219 quos
304 2139 363 2202 ille
385 2139 434 2202 sic
457 2140 519 2216 ait,
534 2138 622 2203 ‘Vae
641 2139 751 2215 vobis,
773 2139 834 2201 filii
858 2140 1096 2217 tenebrarum
1121 2140 1151 2203 si

201 2234 291 2301 hanc
313 2238 448 2302 habetis
463 2246 685 2321 potestatem,
701 2237 784 2320 quid
807 2237 1029 2301 moraminil'
1075 2237 1152 2301 Illis

201 2343 318 2400 antem
333 2336 440 2401 veluti
456 2337 500 2400 ad
518 2337 584 2401 hoc
598 2356 635 2401 se
650 2337 939 2420 praeparantibus,
955 2354 1034 2400 ecce
1051 2356 1152 2401 sanc·

202 2440 260 2498 tus
284 2436 562 2500 Bartholomaeus
588 2456 666 2500 cum
692 2435 860 2499 immenso
886 2435 1071 2518 splendore
1095 2456 1152 2500 su·

201 2534 373 2616 pervenit,
389 2536 604 2619 imperatque
626 2534 854 2611 daemonibus,
867 2543 907 2598 ut
921 2535 988 2599 Dei
1013 2555 1152 2599 servum

203 2629 408 2697 habitationi
437 2654 510 2698 suae
533 2635 773 2699 incunctanter
799 2634 1005 2714 restituant3
1039 2634 1153 2698 atilli

202 2741 414 2815 praeceptum
441 2734 602 2815 apostoli,
623 2733 716 2796 dicto
740 2731 856 2809 citius,
881 2734 1152 2815 compleverunt.

204 2830 299 2894 Dum
313 2851 396 2897 vero
413 2833 449 2896 in
470 2851 550 2896 aere
566 2839 777 2914 portaretur,
791 2851 861 2895 vox
878 2833 978 2912 quasi
1001 2832 1153 2914 psallen-

203 2929 290 2993 tium
312 2936 367 2995 est
388 2930 519 3008 audita,
542 2931 673 2994 ‘Ibunt
694 2930 805 2995 sancti
824 2931 867 2994 de
881 2930 1010 2994 virtute
1032 2931 1069 2993 in
1083 2932 1154 2994 vir·

204 3036 327 3107 tutem,
347 3029 520 3095 videbitur
535 3030 633 3095 Deus
651 3030 804 3094 Deorum
820 3029 856 3091 in
874 3029 993 3111 Syonl

255 3127 413 3211 Contigit
434 3130 470 3192 in
487 3129 608 3193 diebus
627 3128 797 3204 Ceclredi,
820 3127 912 3208 regis
930 3128 1152 3206 Marciorum,

204 3234 358 3310 tempore
370 3227 548 3310 gallicinii,
564 3227 656 3310 quod
671 3229 774 3292 beato
784 3225 959 3290 Guthlaco
968 3227 1080 3290 visum
1097 3234 1152 3290 est

204 3345 242 3390 se
255 3327 353 3409 vulgi
376 3327 621 3392 tumultuantis
645 3326 765 3390 audire
787 3325 975 3403 clamores3
999 3333 1083 3389 tunc
1098 3325 1153 3390 vir

204 3425 272 3490 Dei
295 3425 416 3491 cellam
440 3446 612 3509 egressus,
630 3425 757 3507 vulgus
782 3424 983 3488 Britannice
1005 3424 1151 3507 loquens

203 3525 305 3589 tectis
319 3526 498 3606 cognoscit
511 3525 686 3602 accedere,
701 3524 888 3605 statimque
901 3522 1039 3587 domum
1052 3542 1152 3587 suam

205 3623 300 3688 videt
331 3624 463 3703 ardere,
493 3644 640 3706 cumque
665 3630 758 3687 tecto
790 3623 974 3687 subvenire
998 3622 1152 3701 festinat,

202 3721 343 3787 lacertis
377 3723 607 3807 intercipitur,
642 3731 677 3786 et
713 3723 750 3785 in
788 3741 902 3786 acrem
938 3722 1152 3787 sublevatur.

204 3821 361 3886 Tandem
387 3822 497 3888 hostis
521 3822 665 3886 insidias
694 3841 770 3885 esse
797 3822 1023 3902 comperiens,
1046 3822 1154 3904 coepit

203 3919 296 3984 hunc
324 3921 450 4004 psalmi
476 3921 681 3987 versiculum
711 3920 908 3997 decantare,
940 3921 967 4001 [‘
982 3920 1153 3984 Dominus

202 4019 286 4083 mihi
323 4019 463 4104 adjutor
507 4028 572 4098 est,
602 4028 638 4084 et
669 4039 735 4101 ego
775 4019 962 4103 despiciam
994 4018 1153 4089 inimicos

202 4119 337 4200 meos']
390 4119 472 4184 Alio
504 4139 642 4202 quoque
674 4127 828 4199 tempore
858 4117 1072 4181 orationibus
1103 4117 1153 4179 in-

254 4259 333 4308 VOL.
354 4260 378 4308 1.
983 4257 1002 4301 P
