3000 5004
349 461 415 524 350
608 475 743 523 nocant
768 476 815 522 nn
839 475 1046 524 wannovnn

347 633 494 698 navibus
521 653 591 699 non
616 633 759 698 modicis
783 632 1104 714 Rothomagensem
1133 631 1305 697 adeuntes

346 734 479 810 urbem,
503 733 581 816 ipsa
604 740 758 797 cremata
783 740 819 796 et
846 731 1009 815 spoliata,
1031 733 1108 796 neci
1135 734 1304 815 populum

348 831 574 896 tradiderunt.
627 832 715 896 Inde
737 850 820 896 vero
841 830 968 895 Galliae
990 831 1159 895 interiora
1180 839 1303 914 peten-

348 938 412 1007 tes,
437 951 459 995 a
481 930 704 995 Genuabensi
730 931 826 1007 urbe,
850 950 911 1012 per
936 938 1172 1013 transuersum
1199 931 1304 995 Lute-

348 1031 433 1093 tiam
463 1038 591 1094 cuncta
623 1049 732 1111 usque
763 1028 919 1094 Parisios
950 1030 1133 1093 barbarica
1163 1030 1304 1094 feritate

348 1135 577 1208 consumunt3
611 1127 735 1193 deinde
765 1129 951 1203 stationem
984 1129 1125 1193 navium
1159 1147 1303 1192 suarum

349 1228 385 1290 in
407 1227 523 1291 insula
544 1227 694 1309 quadam
720 1228 833 1292 sancti
852 1227 1019 1292 Florentii
1042 1227 1202 1292 coenobio
1220 1229 1304 1292 vici-

349 1345 396 1389 na
422 1333 679 1409 componentes,
703 1332 814 1390 totam
843 1327 1067 1391 circumcirca
1089 1327 1305 1409 provinciam

350 1425 571 1505 deleverunt3
597 1427 715 1489 urbem
739 1443 878 1508 quoque
900 1425 1122 1490 Nameticam
1144 1427 1305 1491 incendio

349 1525 538 1601 tradentes,
567 1522 925 1607 Andegavensemque
959 1526 1135 1607 regionem
1169 1526 1303 1608 perlus-

350 1630 483 1687 trantes
505 1631 697 1706 cunctaque
721 1623 874 1687 caedibus
894 1624 1100 1706 polluentes,
1129 1643 1209 1688 cum
1232 1644 1305 1689 om·

349 1721 451 1785 nibus
469 1721 728 1786 Pictavensium
749 1723 902 1787 castellis
922 1729 958 1786 et
975 1724 1116 1787 urbibus
1131 1724 1304 1806 populan-
1380 1736 1382 1743 ’

350 1825 418 1884 tur.
480 1820 698 1885 'Iuronorum
736 1820 923 1886 novissime
952 1822 1082 1886 adeunt
1109 1822 1300 1901 civitatem,

350 1937 456 2000 quam
484 1918 718 1984 innocentium
748 1919 900 1985 caedibus
926 1920 1231 2000 commaculantes,
1256 1922 1301 1986 ad

350 2018 509 2082 ultimum
531 2038 608 2083 eam
629 2020 769 2102 ignibus
800 2019 1040 2100 tradiderunt3
1070 2021 1220 2103 indeque
1242 2041 1302 2085 su·

350 2118 487 2201 periora
517 2117 652 2201 Ligeris
683 2118 830 2183 navibus
863 2126 1079 2202 expetentes,
1104 2117 1304 2184 Aurelianis

350 2225 592 2300 pervenerunt,
617 2237 721 2300 quam
744 2219 847 2282 rebus
874 2218 1031 2282 omnibns
1054 2219 1300 2303 depopulatam

351 2316 490 2381 tandem
523 2318 641 2381 urbem
674 2318 910 2381 combustione
937 2325 1156 2383 consumunt.
1209 2317 1302 2398 Quid

351 2411 572 2496 Aquitanicae
594 2417 709 2498 gentis
736 2415 957 2481 afflictionem
983 2417 1141 2496 referam,
1164 2437 1243 2483 cum
1264 2418 1301 2481 in

350 2513 448 2595 ipsis,
469 2533 539 2578 non
562 2515 738 2596 oppidum,
760 2534 828 2579 non
850 2515 961 2592 vicus,
983 2536 1053 2581 non
1078 2515 1227 2600 denique
1252 2518 1301 2581 ci-

351 2612 442 2676 vitas
459 2621 522 2677 aut
535 2615 728 2692 castellum,
746 2615 940 2680 libertatem
959 2616 1195 2694 obtinuerunt,
1211 2616 1302 2699 quod

352 2730 422 2775 non
447 2711 569 2776 horum
595 2714 693 2778 ferali
720 2715 815 2778 rabie
845 2714 1033 2779 conciderit
1060 2718 1301 2798 paganoruml

352 2806 557 2876 Testantur¹
573 2812 647 2877 baec
663 2813 812 2890 Pictavi,
830 2812 905 2879 baec
921 2815 1124 2891 Sanctones,
1138 2814 1214 2879 baec
1231 2815 1304 2879 En·

352 2910 548 2992 golismnm,
578 2912 653 2976 haee
683 2911 957 2994 Petrugoricum,
986 2912 1061 2977 baec
1090 2913 1304 2991 lemovices,

352 3010 428 3075 haec
444 3009 617 3090 Avernus,
639 3011 714 3077 haec
731 3011 933 3090 Avaricum,
955 3020 1062 3095 caput
1084 3011 1305 3095 Aquitanicae

352 3130 513 3194 regionis.

478 3282 619 3364 Qteoliter
633 3282 742 3369 predo
762 3282 933 3349 Hosteinos
953 3281 1057 3350 orbem
1079 3284 1183 3349 Linus

719 3380 939 3468 sobjuqaoerit.

404 3507 474 3572 His
492 3507 599 3591 igitur
614 3516 720 3591 atque
742 3506 940 3591 hujusmodi
961 3506 1121 3584 miseriis,
1137 3515 1178 3572 ut
1193 3508 1306 3591 praeli·

199 3593 214 3622 '²
278 3594 310 3623 ω’
354 3608 525 3684 bavimus,
543 3606 669 3671 Galliis
686 3607 858 3683 contritis,
874 3605 1081 3684 Hasteinus,
1100 3607 1221 3689 praedo
1246 3627 1306 3672 ne·

353 3707 552 3789 quissimus,
565 3705 610 3770 ad
627 3706 744 3769 urbem
761 3699 888 3769 'Limis
904 3705 1051 3769 navibus
1065 3705 1232 3770 devectus
1247 3707 1304 3770 de·

353 3804 514 3869 liberavit
543 3824 620 3868 eam
657 3805 850 3888 irruptione
879 3805 994 3868 subita
1025 3805 1207 3886 obtinere;
1245 3804 1304 3871 sed

387 4072 539 4125 'Testaatnr
557 4075 608 4124 tac
628 4073 757 4138 Pictavi]
780 4073 814 4123 So
873 4069 998 4138 'Limis.]
1019 4071 1074 4121 Tbe
1091 4085 1161 4119 same
1178 4056 1304 4132 antliorily

345 4146 463 4196 william
478 4146 507 4196 of
514 4144 658 4216 lumieges,
668 4145 713 4195 lib.
725 4145 743 4194 i.
755 4159 813 4206 cap.
838 4157 899 4204 says
910 4144 965 4192 that
975 4144 1007 4192 he
1019 4156 1073 4192 πυ
1084 4141 1204 4205 baptized
1217 4147 1245 4191 at
1257 4142 1304 4190 Lu·

349 4221 374 4265 8.
838 4228 880 4278 ua,
892 4214 918 4262 in
929 4213 1007 4277 Italy,
1018 4209 1097 4278 i.§9.
