<?xml version="1.0" encoding="UTF-8"?>
<!DOCTYPE html PUBLIC "-//W3C//DTD XHTML 1.0 Transitional//EN"
    "http://www.w3.org/TR/xhtml1/DTD/xhtml1-transitional.dtd">
<html xmlns="http://www.w3.org/1999/xhtml" xml:lang="en" lang="en">
 <head>
  <title>
</title>
<meta http-equiv="Content-Type" content="text/html;charset=utf-8" />
  <meta name='ocr-system' content='tesseract 3.04.00' />
  <meta name='ocr-capabilities' content='ocr_page ocr_carea ocr_par ocr_line ocrx_word'/>
</head>
<body>
  <div class='ocr_page' id='page_1' title='image "./rogeridewendove05rogegoog_0403.png"; bbox 0 0 3000 5004; ppageno 0'>
   <div class='ocr_carea' id='block_1_1' title="bbox 190 2387 301 2427">
    <p class='ocr_par' dir='ltr' id='par_1_1' title="bbox 190 2387 301 2427">
     <span class='ocr_line' id='line_1_1' title="bbox 190 2387 301 2427; baseline -0.018 0"><span class='ocrx_word' id='word_1_1' title='bbox 190 2387 245 2427; x_wconf 74' lang='lat' dir='ltr'><strong>Ab.</strong></span> <span class='ocrx_word' id='word_1_2' title='bbox 255 2387 301 2426; x_wconf 73' lang='grc'><strong>894.</strong></span> 
     </span>
    </p>
   </div>
   <div class='ocr_carea' id='block_1_2' title="bbox 190 2437 362 2482">
    <p class='ocr_par' dir='ltr' id='par_1_2' title="bbox 190 2437 362 2482">
     <span class='ocr_line' id='line_1_2' title="bbox 190 2437 362 2482; baseline -0.012 -5"><span class='ocrx_word' id='word_1_3' title='bbox 190 2437 274 2477; x_wconf 78' lang='lat' dir='ltr'><strong>Aellred</strong></span> <span class='ocrx_word' id='word_1_4' title='bbox 283 2437 319 2476; x_wconf 82' lang='lat' dir='ltr'><strong>de·</strong></span> <span class='ocrx_word' id='word_1_5' title='bbox 354 2468 362 2482; x_wconf 85' lang='grc'><strong>.</strong></span> 
     </span>
    </p>
   </div>
   <div class='ocr_carea' id='block_1_3' title="bbox 191 2486 290 2575">
    <p class='ocr_par' dir='ltr' id='par_1_3' title="bbox 191 2486 290 2575">
     <span class='ocr_line' id='line_1_3' title="bbox 191 2486 290 2526; baseline 0.01 -1"><span class='ocrx_word' id='word_1_6' title='bbox 191 2488 245 2525; x_wconf 74' lang='lat' dir='ltr'><strong>len·</strong></span> <span class='ocrx_word' id='word_1_7' title='bbox 253 2486 290 2526; x_wconf 79' lang='lat' dir='ltr'><strong>the</strong></span> 
     </span>
     <span class='ocr_line' id='line_1_4' title="bbox 192 2537 270 2575; baseline -0.013 0"><span class='ocrx_word' id='word_1_8' title='bbox 192 2537 270 2575; x_wconf 74' lang='lat' dir='ltr'><strong>Danas.</strong></span> 
     </span>
    </p>
   </div>
   <div class='ocr_carea' id='block_1_4' title="bbox 333 429 1027 495">
    <p class='ocr_par' dir='ltr' id='par_1_4' title="bbox 333 429 1027 495">
     <span class='ocr_line' id='line_1_5' title="bbox 333 429 1027 495; baseline -0.003 0"><span class='ocrx_word' id='word_1_9' title='bbox 333 429 399 495; x_wconf 81' lang='lat'><strong>358</strong></span> <span class='ocrx_word' id='word_1_10' title='bbox 591 447 725 495; x_wconf 82' lang='lat' dir='ltr'><strong>aoeuur</strong></span> <span class='ocrx_word' id='word_1_11' title='bbox 749 447 797 494; x_wconf 85' lang='lat' dir='ltr'><strong>nu</strong></span> <span class='ocrx_word' id='word_1_12' title='bbox 819 445 1027 495; x_wconf 82' lang='lat' dir='ltr'><strong>wnunovan</strong></span> 
     </span>
    </p>
   </div>
   <div class='ocr_carea' id='block_1_5' title="bbox 336 602 1300 2064">
    <p class='ocr_par' dir='ltr' id='par_1_5' title="bbox 336 602 1300 2064">
     <span class='ocr_line' id='line_1_6' title="bbox 336 602 1291 684; baseline -0.003 -16"><span class='ocrx_word' id='word_1_13' title='bbox 336 605 487 669; x_wconf 85' lang='lat' dir='ltr'><strong>vacavit.</strong></span> <span class='ocrx_word' id='word_1_14' title='bbox 540 602 733 668; x_wconf 88' lang='lat' dir='ltr'><strong>Hasteinus</strong></span> <span class='ocrx_word' id='word_1_15' title='bbox 762 623 844 668; x_wconf 87' lang='lat' dir='ltr'><strong>vero</strong></span> <span class='ocrx_word' id='word_1_16' title='bbox 871 603 996 667; x_wconf 88' lang='lat' dir='ltr'><strong>Dauus</strong></span> <span class='ocrx_word' id='word_1_17' title='bbox 1023 620 1160 666; x_wconf 89' lang='lat' dir='ltr'><strong>omnem</strong></span> <span class='ocrx_word' id='word_1_18' title='bbox 1194 622 1291 684; x_wconf 90' lang='lat' dir='ltr'><strong>spem</strong></span> 
     </span>
     <span class='ocr_line' id='line_1_7' title="bbox 337 701 1293 784; baseline -0.003 -18"><span class='ocrx_word' id='word_1_19' title='bbox 337 703 520 767; x_wconf 86' lang='lat' dir='ltr'><strong>resistendi</strong></span> <span class='ocrx_word' id='word_1_20' title='bbox 545 703 720 780; x_wconf 89' lang='lat' dir='ltr'><strong>amittens,</strong></span> <span class='ocrx_word' id='word_1_21' title='bbox 743 703 913 784; x_wconf 85' lang='lat' dir='ltr'><strong>cogitavit</strong></span> <span class='ocrx_word' id='word_1_22' title='bbox 934 722 1004 784; x_wconf 90' lang='lat' dir='ltr'><strong>quo</strong></span> <span class='ocrx_word' id='word_1_23' title='bbox 1027 701 1146 765; x_wconf 88' lang='lat' dir='ltr'><strong>ordine</strong></span> <span class='ocrx_word' id='word_1_24' title='bbox 1175 721 1293 782; x_wconf 82' lang='lat' dir='ltr'><strong>regem</strong></span> 
     </span>
     <span class='ocr_line' id='line_1_8' title="bbox 339 800 1293 883; baseline -0.001 -18"><span class='ocrx_word' id='word_1_25' title='bbox 339 802 642 866; x_wconf 88' lang='lat' dir='ltr'><strong>clementissimum</strong></span> <span class='ocrx_word' id='word_1_26' title='bbox 673 803 847 883; x_wconf 82' lang='lat' dir='ltr'><strong>deciperet</strong></span> <span class='ocrx_word' id='word_1_27' title='bbox 876 802 950 864; x_wconf 84' lang='lat' dir='ltr'><strong>suia</strong></span> <span class='ocrx_word' id='word_1_28' title='bbox 982 801 1116 863; x_wconf 90' lang='lat' dir='ltr'><strong>artibus</strong></span> <span class='ocrx_word' id='word_1_29' title='bbox 1148 800 1293 864; x_wconf 87' lang='lat' dir='ltr'><strong>fraudu·</strong></span> 
     </span>
     <span class='ocr_line' id='line_1_9' title="bbox 340 898 1294 981; baseline -0.002 -17"><span class='ocrx_word' id='word_1_30' title='bbox 340 901 467 980; x_wconf 82' lang='lat' dir='ltr'><strong>lentis3</strong></span> <span class='ocrx_word' id='word_1_31' title='bbox 498 908 532 966; x_wconf 88' lang='lat' dir='ltr'><strong>et</strong></span> <span class='ocrx_word' id='word_1_32' title='bbox 556 901 696 964; x_wconf 90' lang='lat' dir='ltr'><strong>nuntios</strong></span> <span class='ocrx_word' id='word_1_33' title='bbox 727 900 770 963; x_wconf 90' lang='lat' dir='ltr'><strong>ad</strong></span> <span class='ocrx_word' id='word_1_34' title='bbox 801 919 918 981; x_wconf 80' lang='lat' dir='ltr'><strong>regem</strong></span> <span class='ocrx_word' id='word_1_35' title='bbox 943 898 1097 979; x_wconf 81' lang='lat' dir='ltr'><strong>dirigens</strong></span> <span class='ocrx_word' id='word_1_36' title='bbox 1122 899 1294 981; x_wconf 90' lang='lat' dir='ltr'><strong>promisit,</strong></span> 
     </span>
     <span class='ocr_line' id='line_1_10' title="bbox 336 997 1294 1081; baseline 0.001 -20"><span class='ocrx_word' id='word_1_37' title='bbox 336 998 543 1081; x_wconf 90' lang='lat' dir='ltr'><strong>juramentis</strong></span> <span class='ocrx_word' id='word_1_38' title='bbox 569 1006 605 1063; x_wconf 90' lang='lat' dir='ltr'><strong>et</strong></span> <span class='ocrx_word' id='word_1_39' title='bbox 634 998 726 1062; x_wconf 86' lang='lat' dir='ltr'><strong>datis</strong></span> <span class='ocrx_word' id='word_1_40' title='bbox 751 997 940 1073; x_wconf 88' lang='lat' dir='ltr'><strong>obsidibus,</strong></span> <span class='ocrx_word' id='word_1_41' title='bbox 964 997 1058 1080; x_wconf 91' lang='lat' dir='ltr'><strong>quod</strong></span> <span class='ocrx_word' id='word_1_42' title='bbox 1081 998 1126 1061; x_wconf 91' lang='lat' dir='ltr'><strong>ab</strong></span> <span class='ocrx_word' id='word_1_43' title='bbox 1153 998 1230 1081; x_wconf 89' lang='lat' dir='ltr'><strong>ejus</strong></span> <span class='ocrx_word' id='word_1_44' title='bbox 1260 1005 1294 1062; x_wconf 90' lang='lat' dir='ltr'><strong>et</strong></span> 
     </span>
     <span class='ocr_line' id='line_1_11' title="bbox 342 1095 1295 1178; baseline -0.002 -18"><span class='ocrx_word' id='word_1_45' title='bbox 342 1099 441 1178; x_wconf 75' lang='lat' dir='ltr'><strong>regni</strong></span> <span class='ocrx_word' id='word_1_46' title='bbox 455 1095 593 1178; x_wconf 82' lang='lat' dir='ltr'><strong>Angliae</strong></span> <span class='ocrx_word' id='word_1_47' title='bbox 609 1096 860 1178; x_wconf 83' lang='lat' dir='ltr'><strong>inquietatione</strong></span> <span class='ocrx_word' id='word_1_48' title='bbox 875 1105 1028 1160; x_wconf 84' lang='lat' dir='ltr'><strong>cessaret</strong></span> <span class='ocrx_word' id='word_1_49' title='bbox 1047 1096 1083 1159; x_wconf 93' lang='lat' dir='ltr'><strong>in</strong></span> <span class='ocrx_word' id='word_1_50' title='bbox 1105 1103 1295 1178; x_wconf 87' lang='lat' dir='ltr'><strong>posterum,</strong></span> 
     </span>
     <span class='ocr_line' id='line_1_12' title="bbox 343 1193 1295 1278; baseline -0.003 -19"><span class='ocrx_word' id='word_1_51' title='bbox 343 1197 375 1259; x_wconf 90' lang='lat' dir='ltr'><strong>si</strong></span> <span class='ocrx_word' id='word_1_52' title='bbox 405 1195 547 1278; x_wconf 88' lang='lat' dir='ltr'><strong>pacifice</strong></span> <span class='ocrx_word' id='word_1_53' title='bbox 579 1196 737 1259; x_wconf 86' lang='lat' dir='ltr'><strong>recedere</strong></span> <span class='ocrx_word' id='word_1_54' title='bbox 767 1196 958 1275; x_wconf 84' lang='lat' dir='ltr'><strong>sineretur3</strong></span> <span class='ocrx_word' id='word_1_55' title='bbox 990 1201 1027 1258; x_wconf 89' lang='lat' dir='ltr'><strong>et</strong></span> <span class='ocrx_word' id='word_1_56' title='bbox 1056 1193 1099 1257; x_wconf 89' lang='lat' dir='ltr'><strong>ad</strong></span> <span class='ocrx_word' id='word_1_57' title='bbox 1128 1195 1295 1277; x_wconf 91' lang='lat' dir='ltr'><strong>majorem</strong></span> 
     </span>
     <span class='ocr_line' id='line_1_13' title="bbox 345 1290 1297 1376; baseline 0 -21"><span class='ocrx_word' id='word_1_58' title='bbox 345 1293 486 1376; x_wconf 88' lang='lat' dir='ltr'><strong>insuper</strong></span> <span class='ocrx_word' id='word_1_59' title='bbox 510 1294 742 1369; x_wconf 84' lang='lat' dir='ltr'><strong>securitatem,</strong></span> <span class='ocrx_word' id='word_1_60' title='bbox 769 1295 862 1357; x_wconf 89' lang='lat' dir='ltr'><strong>misit</strong></span> <span class='ocrx_word' id='word_1_61' title='bbox 885 1294 958 1373; x_wconf 80' lang='lat' dir='ltr'><strong>regi</strong></span> <span class='ocrx_word' id='word_1_62' title='bbox 984 1293 1071 1356; x_wconf 88' lang='lat' dir='ltr'><strong>duos</strong></span> <span class='ocrx_word' id='word_1_63' title='bbox 1101 1290 1190 1355; x_wconf 88' lang='lat' dir='ltr'><strong>filios</strong></span> <span class='ocrx_word' id='word_1_64' title='bbox 1214 1310 1297 1355; x_wconf 86' lang='lat' dir='ltr'><strong>suos</strong></span> 
     </span>
     <span class='ocr_line' id='line_1_14' title="bbox 345 1390 1296 1474; baseline -0.001 -20"><span class='ocrx_word' id='word_1_65' title='bbox 345 1411 483 1474; x_wconf 89' lang='lat' dir='ltr'><strong>pueros,</strong></span> <span class='ocrx_word' id='word_1_66' title='bbox 513 1399 565 1468; x_wconf 92' lang='lat' dir='ltr'><strong>ut,</strong></span> <span class='ocrx_word' id='word_1_67' title='bbox 587 1392 618 1455; x_wconf 92' lang='lat' dir='ltr'><strong>si</strong></span> <span class='ocrx_word' id='word_1_68' title='bbox 644 1392 760 1468; x_wconf 87' lang='lat' dir='ltr'><strong>vellet,</strong></span> <span class='ocrx_word' id='word_1_69' title='bbox 789 1391 869 1455; x_wconf 90' lang='lat' dir='ltr'><strong>fidei</strong></span> <span class='ocrx_word' id='word_1_70' title='bbox 901 1391 979 1454; x_wconf 93' lang='lat' dir='ltr'><strong>illos</strong></span> <span class='ocrx_word' id='word_1_71' title='bbox 1010 1398 1046 1454; x_wconf 91' lang='lat' dir='ltr'><strong>et</strong></span> <span class='ocrx_word' id='word_1_72' title='bbox 1076 1390 1296 1470; x_wconf 90' lang='lat' dir='ltr'><strong>baptismatis</strong></span> 
     </span>
     <span class='ocr_line' id='line_1_15' title="bbox 345 1488 1297 1570; baseline -0.003 -18"><span class='ocrx_word' id='word_1_73' title='bbox 345 1491 515 1553; x_wconf 87' lang='lat' dir='ltr'><strong>imbueret</strong></span> <span class='ocrx_word' id='word_1_74' title='bbox 531 1491 769 1554; x_wconf 88' lang='lat' dir='ltr'><strong>sacramentis.</strong></span> <span class='ocrx_word' id='word_1_75' title='bbox 820 1489 921 1553; x_wconf 83' lang='lat' dir='ltr'><strong>Tunc</strong></span> <span class='ocrx_word' id='word_1_76' title='bbox 947 1508 1009 1552; x_wconf 86' lang='lat' dir='ltr'><strong>rex</strong></span> <span class='ocrx_word' id='word_1_77' title='bbox 1031 1488 1221 1570; x_wconf 90' lang='lat' dir='ltr'><strong>piissimus,</strong></span> <span class='ocrx_word' id='word_1_78' title='bbox 1239 1489 1297 1570; x_wconf 91' lang='lat' dir='ltr'><strong>qui</strong></span> 
     </span>
     <span class='ocr_line' id='line_1_16' title="bbox 347 1586 1299 1671; baseline -0.001 -21"><span class='ocrx_word' id='word_1_79' title='bbox 347 1607 482 1671; x_wconf 89' lang='lat' dir='ltr'><strong>semper</strong></span> <span class='ocrx_word' id='word_1_80' title='bbox 498 1607 714 1670; x_wconf 80' lang='lat' dir='ltr'><strong>paganorum</strong></span> <span class='ocrx_word' id='word_1_81' title='bbox 737 1588 871 1651; x_wconf 90' lang='lat' dir='ltr'><strong>animas</strong></span> <span class='ocrx_word' id='word_1_82' title='bbox 893 1588 1009 1669; x_wconf 92' lang='lat' dir='ltr'><strong>potius</strong></span> <span class='ocrx_word' id='word_1_83' title='bbox 1030 1586 1179 1650; x_wconf 90' lang='lat' dir='ltr'><strong>liberare</strong></span> <span class='ocrx_word' id='word_1_84' title='bbox 1195 1606 1299 1668; x_wconf 92' lang='lat' dir='ltr'><strong>quam</strong></span> 
     </span>
     <span class='ocr_line' id='line_1_17' title="bbox 347 1685 1299 1770; baseline 0.001 -21"><span class='ocrx_word' id='word_1_85' title='bbox 347 1685 539 1749; x_wconf 89' lang='lat' dir='ltr'><strong>interficere</strong></span> <span class='ocrx_word' id='word_1_86' title='bbox 568 1687 720 1762; x_wconf 89' lang='lat' dir='ltr'><strong>sitiebat,</strong></span> <span class='ocrx_word' id='word_1_87' title='bbox 749 1688 825 1770; x_wconf 90' lang='lat' dir='ltr'><strong>ejus</strong></span> <span class='ocrx_word' id='word_1_88' title='bbox 851 1686 1074 1768; x_wconf 87' lang='lat' dir='ltr'><strong>petitionibus</strong></span> <span class='ocrx_word' id='word_1_89' title='bbox 1108 1685 1299 1766; x_wconf 85' lang='lat' dir='ltr'><strong>adquievit,</strong></span> 
     </span>
     <span class='ocr_line' id='line_1_18' title="bbox 348 1784 1298 1867; baseline 0.002 -21"><span class='ocrx_word' id='word_1_90' title='bbox 348 1792 396 1860; x_wconf 90' lang='lat' dir='ltr'><strong>et,</strong></span> <span class='ocrx_word' id='word_1_91' title='bbox 415 1785 532 1865; x_wconf 88' lang='lat' dir='ltr'><strong>pueris</strong></span> <span class='ocrx_word' id='word_1_92' title='bbox 552 1803 652 1848; x_wconf 87' lang='lat' dir='ltr'><strong>sacro</strong></span> <span class='ocrx_word' id='word_1_93' title='bbox 670 1786 764 1848; x_wconf 88' lang='lat' dir='ltr'><strong>fonte</strong></span> <span class='ocrx_word' id='word_1_94' title='bbox 780 1786 923 1861; x_wconf 89' lang='lat' dir='ltr'><strong>renatis,</strong></span> <span class='ocrx_word' id='word_1_95' title='bbox 938 1784 1149 1847; x_wconf 90' lang='lat' dir='ltr'><strong>Hasteinum</strong></span> <span class='ocrx_word' id='word_1_96' title='bbox 1164 1791 1298 1867; x_wconf 88' lang='lat' dir='ltr'><strong>patrem</strong></span> 
     </span>
     <span class='ocr_line' id='line_1_19' title="bbox 349 1882 1300 1965; baseline 0.002 -20"><span class='ocrx_word' id='word_1_97' title='bbox 349 1901 468 1945; x_wconf 88' lang='lat' dir='ltr'><strong>eorum</strong></span> <span class='ocrx_word' id='word_1_98' title='bbox 497 1902 575 1947; x_wconf 90' lang='lat' dir='ltr'><strong>cum</strong></span> <span class='ocrx_word' id='word_1_99' title='bbox 614 1884 773 1947; x_wconf 91' lang='lat' dir='ltr'><strong>omnibus</strong></span> <span class='ocrx_word' id='word_1_100' title='bbox 807 1884 885 1947; x_wconf 86' lang='lat' dir='ltr'><strong>aliis</strong></span> <span class='ocrx_word' id='word_1_101' title='bbox 915 1882 1111 1946; x_wconf 89' lang='lat' dir='ltr'><strong>infidelibus</strong></span> <span class='ocrx_word' id='word_1_102' title='bbox 1144 1882 1300 1965; x_wconf 90' lang='lat' dir='ltr'><strong>pacifice,</strong></span> 
     </span>
     <span class='ocr_line' id='line_1_20' title="bbox 344 1981 1149 2064; baseline 0.002 -20"><span class='ocrx_word' id='word_1_103' title='bbox 344 1981 451 2064; x_wconf 86' lang='lat' dir='ltr'><strong>juxta</strong></span> <span class='ocrx_word' id='word_1_104' title='bbox 466 1982 558 2064; x_wconf 93' lang='lat' dir='ltr'><strong>quod</strong></span> <span class='ocrx_word' id='word_1_105' title='bbox 576 1990 716 2064; x_wconf 91' lang='lat' dir='ltr'><strong>pactum</strong></span> <span class='ocrx_word' id='word_1_106' title='bbox 732 1982 857 2060; x_wconf 87' lang='lat' dir='ltr'><strong>fuerat,</strong></span> <span class='ocrx_word' id='word_1_107' title='bbox 873 1983 967 2046; x_wconf 89' lang='lat' dir='ltr'><strong>abire</strong></span> <span class='ocrx_word' id='word_1_108' title='bbox 981 1981 1149 2063; x_wconf 84' lang='lat' dir='ltr'><strong>permisit.</strong></span> 
     </span>
    </p>
   </div>
   <div class='ocr_carea' id='block_1_6' title="bbox 408 2142 1251 2230">
    <p class='ocr_par' dir='ltr' id='par_1_6' title="bbox 408 2142 1251 2230">
     <span class='ocr_line' id='line_1_21' title="bbox 408 2142 1251 2230; baseline 0.001 -20"><span class='ocrx_word' id='word_1_109' title='bbox 408 2145 559 2226; x_wconf 73' lang='lat' dir='ltr'><strong>Quomodo</strong></span> <span class='ocrx_word' id='word_1_110' title='bbox 574 2168 627 2212; x_wconf 78' lang='lat' dir='ltr'><strong>rea</strong></span> <span class='ocrx_word' id='word_1_111' title='bbox 640 2144 794 2229; x_wconf 77' lang='lat' dir='ltr'><strong>Alfredas</strong></span> <span class='ocrx_word' id='word_1_112' title='bbox 807 2144 966 2209; x_wconf 76' lang='lat' dir='ltr'><strong>Dacicum</strong></span> <span class='ocrx_word' id='word_1_113' title='bbox 981 2164 1078 2230; x_wconf 63' lang='lat' dir='ltr'><strong>repom</strong></span> <span class='ocrx_word' id='word_1_114' title='bbox 1092 2142 1251 2229; x_wconf 70' lang='lat' dir='ltr'><strong>depretia</strong></span> 
     </span>
    </p>
   </div>
   <div class='ocr_carea' id='block_1_7' title="bbox 352 2242 1306 3728">
    <p class='ocr_par' dir='ltr' id='par_1_7' title="bbox 725 2242 902 2328">
     <span class='ocr_line' id='line_1_22' title="bbox 725 2242 902 2328; baseline 0.011 -22"><span class='ocrx_word' id='word_1_115' title='bbox 725 2242 902 2328; x_wconf 75' lang='lat' dir='ltr'><strong>sapaoerit.</strong></span> 
     </span>
    </p>

    <p class='ocr_par' dir='ltr' id='par_1_8' title="bbox 352 2362 1306 3728">
     <span class='ocr_line' id='line_1_23' title="bbox 404 2362 1304 2432; baseline -0.002 -1"><span class='ocrx_word' id='word_1_116' title='bbox 404 2367 506 2432; x_wconf 85' lang='lat' dir='ltr'><strong>Anno</strong></span> <span class='ocrx_word' id='word_1_117' title='bbox 536 2366 678 2431; x_wconf 90' lang='lat' dir='ltr'><strong>Domini</strong></span> <span class='ocrx_word' id='word_1_118' title='bbox 712 2382 903 2430; x_wconf 85' lang='lat' dir='ltr'><strong>ooccxorv.</strong></span> <span class='ocrx_word' id='word_1_119' title='bbox 933 2384 997 2429; x_wconf 86' lang='lat' dir='ltr'><strong>rex</strong></span> <span class='ocrx_word' id='word_1_120' title='bbox 1029 2362 1195 2429; x_wconf 85' lang='lat' dir='ltr'><strong>Alfredus</strong></span> <span class='ocrx_word' id='word_1_121' title='bbox 1227 2384 1304 2429; x_wconf 89' lang='lat' dir='ltr'><strong>cum</strong></span> 
     </span>
     <span class='ocr_line' id='line_1_24' title="bbox 352 2464 1303 2547; baseline -0.001 -17"><span class='ocrx_word' id='word_1_122' title='bbox 352 2467 486 2546; x_wconf 80' lang='lat' dir='ltr'><strong>ingenti</strong></span> <span class='ocrx_word' id='word_1_123' title='bbox 508 2466 662 2529; x_wconf 86' lang='lat' dir='ltr'><strong>exercitu</strong></span> <span class='ocrx_word' id='word_1_124' title='bbox 692 2472 813 2530; x_wconf 87' lang='lat' dir='ltr'><strong>contra</strong></span> <span class='ocrx_word' id='word_1_125' title='bbox 836 2483 992 2547; x_wconf 79' lang='lat' dir='ltr'><strong>paganos</strong></span> <span class='ocrx_word' id='word_1_126' title='bbox 1017 2464 1198 2545; x_wconf 87' lang='lat' dir='ltr'><strong>processit,</strong></span> <span class='ocrx_word' id='word_1_127' title='bbox 1216 2482 1303 2546; x_wconf 81' lang='lat' dir='ltr'><strong>quos</strong></span> 
     </span>
     <span class='ocr_line' id='line_1_25' title="bbox 353 2557 1303 2645; baseline -0.004 -17"><span class='ocrx_word' id='word_1_128' title='bbox 353 2557 473 2645; x_wconf 89' lang='lat' dir='ltr'><strong>supra¹</strong></span> <span class='ocrx_word' id='word_1_129' title='bbox 485 2565 519 2627; x_wconf 93' lang='lat' dir='ltr'><strong>in</strong></span> <span class='ocrx_word' id='word_1_130' title='bbox 534 2565 624 2627; x_wconf 92' lang='lat' dir='ltr'><strong>ostio</strong></span> <span class='ocrx_word' id='word_1_131' title='bbox 640 2563 739 2644; x_wconf 84' lang='lat' dir='ltr'><strong>Ligei</strong></span> <span class='ocrx_word' id='word_1_132' title='bbox 754 2563 903 2627; x_wconf 91' lang='lat' dir='ltr'><strong>fluminis</strong></span> <span class='ocrx_word' id='word_1_133' title='bbox 920 2562 1129 2644; x_wconf 85' lang='lat' dir='ltr'><strong>applicuisse</strong></span> <span class='ocrx_word' id='word_1_134' title='bbox 1141 2563 1303 2638; x_wconf 83' lang='lat' dir='ltr'><strong>diximus,</strong></span> 
     </span>
     <span class='ocr_line' id='line_1_26' title="bbox 353 2661 1302 2746; baseline -0.002 -21"><span class='ocrx_word' id='word_1_135' title='bbox 353 2665 412 2745; x_wconf 90' lang='lat' dir='ltr'><strong>qui</strong></span> <span class='ocrx_word' id='word_1_136' title='bbox 423 2664 497 2746; x_wconf 89' lang='lat' dir='ltr'><strong>jam</strong></span> <span class='ocrx_word' id='word_1_137' title='bbox 514 2663 632 2725; x_wconf 89' lang='lat' dir='ltr'><strong>cuneis</strong></span> <span class='ocrx_word' id='word_1_138' title='bbox 647 2663 767 2727; x_wconf 89' lang='lat' dir='ltr'><strong>divisis</strong></span> <span class='ocrx_word' id='word_1_139' title='bbox 784 2663 999 2726; x_wconf 88' lang='lat' dir='ltr'><strong>conabantur</strong></span> <span class='ocrx_word' id='word_1_140' title='bbox 1013 2681 1132 2724; x_wconf 90' lang='lat' dir='ltr'><strong>omnes</strong></span> <span class='ocrx_word' id='word_1_141' title='bbox 1151 2661 1302 2742; x_wconf 82' lang='lat' dir='ltr'><strong>regionis</strong></span> 
     </span>
     <span class='ocr_line' id='line_1_27' title="bbox 353 2760 1304 2844; baseline 0 -22"><span class='ocrx_word' id='word_1_142' title='bbox 353 2760 446 2823; x_wconf 91' lang='lat' dir='ltr'><strong>illius</strong></span> <span class='ocrx_word' id='word_1_143' title='bbox 464 2762 660 2844; x_wconf 89' lang='lat' dir='ltr'><strong>provincias</strong></span> <span class='ocrx_word' id='word_1_144' title='bbox 683 2761 892 2844; x_wconf 81' lang='lat' dir='ltr'><strong>subjugare;</strong></span> <span class='ocrx_word' id='word_1_145' title='bbox 916 2779 985 2841; x_wconf 95' lang='lat' dir='ltr'><strong>quo</strong></span> <span class='ocrx_word' id='word_1_146' title='bbox 1008 2779 1071 2822; x_wconf 84' lang='lat' dir='ltr'><strong>rex</strong></span> <span class='ocrx_word' id='word_1_147' title='bbox 1090 2778 1168 2822; x_wconf 92' lang='lat' dir='ltr'><strong>cum</strong></span> <span class='ocrx_word' id='word_1_148' title='bbox 1183 2778 1304 2841; x_wconf 87' lang='lat' dir='ltr'><strong>perve-</strong></span> 
     </span>
     <span class='ocr_line' id='line_1_28' title="bbox 354 2857 1303 2937; baseline -0.004 -15"><span class='ocrx_word' id='word_1_149' title='bbox 354 2859 474 2937; x_wconf 87' lang='lat' dir='ltr'><strong>nisset,</strong></span> <span class='ocrx_word' id='word_1_150' title='bbox 491 2860 584 2923; x_wconf 88' lang='lat' dir='ltr'><strong>misit</strong></span> <span class='ocrx_word' id='word_1_151' title='bbox 603 2879 641 2924; x_wconf 90' lang='lat' dir='ltr'><strong>se</strong></span> <span class='ocrx_word' id='word_1_152' title='bbox 663 2879 741 2923; x_wconf 90' lang='lat' dir='ltr'><strong>cum</strong></span> <span class='ocrx_word' id='word_1_153' title='bbox 763 2859 919 2923; x_wconf 86' lang='lat' dir='ltr'><strong>exercitu</strong></span> <span class='ocrx_word' id='word_1_154' title='bbox 941 2877 1004 2921; x_wconf 92' lang='lat' dir='ltr'><strong>suo</strong></span> <span class='ocrx_word' id='word_1_155' title='bbox 1027 2859 1118 2923; x_wconf 89' lang='lat' dir='ltr'><strong>inter</strong></span> <span class='ocrx_word' id='word_1_156' title='bbox 1134 2857 1222 2921; x_wconf 91' lang='lat' dir='ltr'><strong>duos</strong></span> <span class='ocrx_word' id='word_1_157' title='bbox 1241 2876 1303 2920; x_wconf 93' lang='lat' dir='ltr'><strong>cn·</strong></span> 
     </span>
     <span class='ocr_line' id='line_1_29' title="bbox 354 2954 1303 3041; baseline -0.004 -20"><span class='ocrx_word' id='word_1_158' title='bbox 354 2977 438 3021; x_wconf 88' lang='lat' dir='ltr'><strong>neos</strong></span> <span class='ocrx_word' id='word_1_159' title='bbox 460 2976 687 3041; x_wconf 84' lang='lat' dir='ltr'><strong>paganorum,</strong></span> <span class='ocrx_word' id='word_1_160' title='bbox 709 2963 761 3034; x_wconf 89' lang='lat' dir='ltr'><strong>ut,</strong></span> <span class='ocrx_word' id='word_1_161' title='bbox 781 2959 811 3021; x_wconf 86' lang='lat' dir='ltr'><strong>si</strong></span> <span class='ocrx_word' id='word_1_162' title='bbox 827 2957 917 3021; x_wconf 87' lang='lat' dir='ltr'><strong>forte</strong></span> <span class='ocrx_word' id='word_1_163' title='bbox 940 2956 1017 3020; x_wconf 89' lang='lat' dir='ltr'><strong>loca</strong></span> <span class='ocrx_word' id='word_1_164' title='bbox 1039 2975 1223 3020; x_wconf 91' lang='lat' dir='ltr'><strong>nemorosa</strong></span> <span class='ocrx_word' id='word_1_165' title='bbox 1244 2954 1303 3018; x_wconf 89' lang='lat' dir='ltr'><strong>de-</strong></span> 
     </span>
     <span class='ocr_line' id='line_1_30' title="bbox 354 3053 1303 3138; baseline -0.004 -18"><span class='ocrx_word' id='word_1_166' title='bbox 354 3064 507 3120; x_wconf 87' lang='lat' dir='ltr'><strong>serentes</strong></span> <span class='ocrx_word' id='word_1_167' title='bbox 530 3055 709 3137; x_wconf 92' lang='lat' dir='ltr'><strong>planitiem</strong></span> <span class='ocrx_word' id='word_1_168' title='bbox 736 3054 888 3136; x_wconf 85' lang='lat' dir='ltr'><strong>aliquam</strong></span> <span class='ocrx_word' id='word_1_169' title='bbox 918 3061 1035 3138; x_wconf 85' lang='lat' dir='ltr'><strong>petere</strong></span> <span class='ocrx_word' id='word_1_170' title='bbox 1057 3053 1303 3128; x_wconf 83' lang='lat' dir='ltr'><strong>decrevissent,</strong></span> 
     </span>
     <span class='ocr_line' id='line_1_31' title="bbox 354 3152 1300 3238; baseline -0.003 -21"><span class='ocrx_word' id='word_1_171' title='bbox 354 3156 429 3238; x_wconf 90' lang='lat' dir='ltr'><strong>ipse</strong></span> <span class='ocrx_word' id='word_1_172' title='bbox 452 3162 575 3219; x_wconf 85' lang='lat' dir='ltr'><strong>contra</strong></span> <span class='ocrx_word' id='word_1_173' title='bbox 595 3173 655 3217; x_wconf 90' lang='lat' dir='ltr'><strong>eos</strong></span> <span class='ocrx_word' id='word_1_174' title='bbox 675 3173 772 3217; x_wconf 90' lang='lat' dir='ltr'><strong>arma</strong></span> <span class='ocrx_word' id='word_1_175' title='bbox 791 3163 967 3232; x_wconf 85' lang='lat' dir='ltr'><strong>moveret3</strong></span> <span class='ocrx_word' id='word_1_176' title='bbox 990 3153 1051 3217; x_wconf 88' lang='lat' dir='ltr'><strong>sed</strong></span> <span class='ocrx_word' id='word_1_177' title='bbox 1068 3153 1208 3216; x_wconf 87' lang='lat' dir='ltr'><strong>barbari</strong></span> <span class='ocrx_word' id='word_1_178' title='bbox 1226 3152 1300 3235; x_wconf 90' lang='lat' dir='ltr'><strong>jam</strong></span> 
     </span>
     <span class='ocr_line' id='line_1_32' title="bbox 355 3249 1303 3334; baseline -0.004 -19"><span class='ocrx_word' id='word_1_179' title='bbox 355 3254 445 3316; x_wconf 87' lang='lat' dir='ltr'><strong>fame</strong></span> <span class='ocrx_word' id='word_1_180' title='bbox 475 3260 511 3316; x_wconf 90' lang='lat' dir='ltr'><strong>et</strong></span> <span class='ocrx_word' id='word_1_181' title='bbox 535 3253 642 3334; x_wconf 89' lang='lat' dir='ltr'><strong>longa</strong></span> <span class='ocrx_word' id='word_1_182' title='bbox 667 3251 805 3333; x_wconf 80' lang='lat' dir='ltr'><strong>fatigati</strong></span> <span class='ocrx_word' id='word_1_183' title='bbox 829 3251 956 3327; x_wconf 90' lang='lat' dir='ltr'><strong>inedia,</strong></span> <span class='ocrx_word' id='word_1_184' title='bbox 981 3250 1064 3314; x_wconf 93' lang='lat' dir='ltr'><strong>dum</strong></span> <span class='ocrx_word' id='word_1_185' title='bbox 1088 3250 1172 3314; x_wconf 90' lang='lat' dir='ltr'><strong>nibil</strong></span> <span class='ocrx_word' id='word_1_186' title='bbox 1198 3249 1303 3333; x_wconf 90' lang='lat' dir='ltr'><strong>profi·</strong></span> 
     </span>
     <span class='ocr_line' id='line_1_33' title="bbox 354 3350 1302 3433; baseline -0.004 -19"><span class='ocrx_word' id='word_1_187' title='bbox 354 3359 471 3415; x_wconf 91' lang='lat' dir='ltr'><strong>cerent</strong></span> <span class='ocrx_word' id='word_1_188' title='bbox 494 3352 554 3415; x_wconf 90' lang='lat' dir='ltr'><strong>sed</strong></span> <span class='ocrx_word' id='word_1_189' title='bbox 582 3351 698 3433; x_wconf 93' lang='lat' dir='ltr'><strong>potius</strong></span> <span class='ocrx_word' id='word_1_190' title='bbox 724 3350 921 3427; x_wconf 85' lang='lat' dir='ltr'><strong>deficerent,</strong></span> <span class='ocrx_word' id='word_1_191' title='bbox 950 3350 1195 3432; x_wconf 90' lang='lat' dir='ltr'><strong>disposuerunt</strong></span> <span class='ocrx_word' id='word_1_192' title='bbox 1221 3367 1302 3412; x_wconf 92' lang='lat' dir='ltr'><strong>con·</strong></span> 
     </span>
     <span class='ocr_line' id='line_1_34' title="bbox 355 3447 1303 3532; baseline -0.003 -19"><span class='ocrx_word' id='word_1_193' title='bbox 355 3451 447 3514; x_wconf 86' lang='lat' dir='ltr'><strong>cives</strong></span> <span class='ocrx_word' id='word_1_194' title='bbox 464 3470 558 3527; x_wconf 77' lang='lat' dir='ltr'><strong>suoS,</strong></span> <span class='ocrx_word' id='word_1_195' title='bbox 573 3450 632 3532; x_wconf 91' lang='lat' dir='ltr'><strong>qui</strong></span> <span class='ocrx_word' id='word_1_196' title='bbox 656 3469 765 3532; x_wconf 89' lang='lat' dir='ltr'><strong>nuper</strong></span> <span class='ocrx_word' id='word_1_197' title='bbox 782 3450 817 3513; x_wconf 92' lang='lat' dir='ltr'><strong>in</strong></span> <span class='ocrx_word' id='word_1_198' title='bbox 835 3449 1039 3513; x_wconf 84' lang='lat' dir='ltr'><strong>East-sexia</strong></span> <span class='ocrx_word' id='word_1_199' title='bbox 1052 3447 1303 3531; x_wconf 85' lang='lat' dir='ltr'><strong>applicuerant,</strong></span> 
     </span>
     <span class='ocr_line' id='line_1_35' title="bbox 355 3545 1306 3629; baseline -0.002 -19"><span class='ocrx_word' id='word_1_200' title='bbox 355 3550 462 3624; x_wconf 88' lang='lat' dir='ltr'><strong>adire,</strong></span> <span class='ocrx_word' id='word_1_201' title='bbox 478 3558 518 3613; x_wconf 94' lang='lat' dir='ltr'><strong>ut</strong></span> <span class='ocrx_word' id='word_1_202' title='bbox 538 3549 672 3612; x_wconf 86' lang='lat' dir='ltr'><strong>fortiori</strong></span> <span class='ocrx_word' id='word_1_203' title='bbox 694 3548 803 3611; x_wconf 90' lang='lat' dir='ltr'><strong>milite</strong></span> <span class='ocrx_word' id='word_1_204' title='bbox 819 3548 941 3629; x_wconf 88' lang='lat' dir='ltr'><strong>stipati</strong></span> <span class='ocrx_word' id='word_1_205' title='bbox 965 3548 1174 3628; x_wconf 89' lang='lat' dir='ltr'><strong>irruptiones</strong></span> <span class='ocrx_word' id='word_1_206' title='bbox 1190 3545 1306 3610; x_wconf 87' lang='lat' dir='ltr'><strong>Chris·</strong></span> 
     </span>
     <span class='ocr_line' id='line_1_36' title="bbox 355 3644 1305 3728; baseline -0.002 -19"><span class='ocrx_word' id='word_1_207' title='bbox 355 3648 526 3709; x_wconf 88' lang='lat' dir='ltr'><strong>tianorum</strong></span> <span class='ocrx_word' id='word_1_208' title='bbox 556 3655 700 3728; x_wconf 87' lang='lat' dir='ltr'><strong>possent</strong></span> <span class='ocrx_word' id='word_1_209' title='bbox 732 3646 867 3709; x_wconf 86' lang='lat' dir='ltr'><strong>facilius</strong></span> <span class='ocrx_word' id='word_1_210' title='bbox 901 3647 1082 3710; x_wconf 87' lang='lat' dir='ltr'><strong>sustinere.</strong></span> <span class='ocrx_word' id='word_1_211' title='bbox 1149 3644 1305 3726; x_wconf 86' lang='lat' dir='ltr'><strong>Cumque</strong></span> 
     </span>
    </p>
   </div>
   <div class='ocr_carea' id='block_1_8' title="bbox 354 3855 1308 4272">
    <p class='ocr_par' dir='ltr' id='par_1_9' title="bbox 354 3855 1308 4272">
     <span class='ocr_line' id='line_1_37' title="bbox 389 3855 1308 3928; baseline -0.002 -18"><span class='ocrx_word' id='word_1_212' title='bbox 389 3858 522 3923; x_wconf 76' lang='lat' dir='ltr'><strong>¹Snproia</strong></span> <span class='ocrx_word' id='word_1_213' title='bbox 532 3860 593 3908; x_wconf 80' lang='lat' dir='ltr'><strong>ostio</strong></span> <span class='ocrx_word' id='word_1_214' title='bbox 602 3855 816 3928; x_wconf 62' lang='lat' dir='ltr'><strong>Ligeiflwaiais]</strong></span> <span class='ocrx_word' id='word_1_215' title='bbox 845 3861 1024 3925; x_wconf 80' lang='lat' dir='ltr'><strong>Hnntingdon,</strong></span> <span class='ocrx_word' id='word_1_216' title='bbox 1037 3875 1104 3920; x_wconf 82' lang='lat' dir='ltr'><strong>some</strong></span> <span class='ocrx_word' id='word_1_217' title='bbox 1118 3861 1148 3910; x_wconf 82' lang='lat' dir='ltr'><strong>oi</strong></span> <span class='ocrx_word' id='word_1_218' title='bbox 1163 3860 1208 3910; x_wconf 89' lang='lat' dir='ltr'><strong>tbe</strong></span> <span class='ocrx_word' id='word_1_219' title='bbox 1223 3863 1308 3909; x_wconf 73' lang='lat' dir='ltr'><strong>events</strong></span> 
     </span>
     <span class='ocr_line' id='line_1_38' title="bbox 354 3928 1306 3992; baseline -0.002 -13"><span class='ocrx_word' id='word_1_220' title='bbox 354 3932 452 3991; x_wconf 83' lang='lat' dir='ltr'><strong>Above,</strong></span> <span class='ocrx_word' id='word_1_221' title='bbox 469 3931 495 3976; x_wconf 88' lang='lat' dir='ltr'><strong>in</strong></span> <span class='ocrx_word' id='word_1_222' title='bbox 512 3933 570 3991; x_wconf 75' lang='grc'><strong>892,</strong></span> <span class='ocrx_word' id='word_1_223' title='bbox 589 3930 712 3991; x_wconf 85' lang='lat' dir='ltr'><strong>correctly</strong></span> <span class='ocrx_word' id='word_1_224' title='bbox 733 3931 816 3979; x_wconf 87' lang='lat' dir='ltr'><strong>called</strong></span> <span class='ocrx_word' id='word_1_225' title='bbox 843 3945 939 3992; x_wconf 78' lang='lat' dir='ltr'><strong>appear</strong></span> <span class='ocrx_word' id='word_1_226' title='bbox 950 3936 976 3978; x_wconf 89' lang='lat' dir='ltr'><strong>to</strong></span> <span class='ocrx_word' id='word_1_227' title='bbox 988 3929 1053 3978; x_wconf 86' lang='lat' dir='ltr'><strong>bave</strong></span> <span class='ocrx_word' id='word_1_228' title='bbox 1070 3931 1135 3978; x_wconf 85' lang='lat' dir='ltr'><strong>been</strong></span> <span class='ocrx_word' id='word_1_229' title='bbox 1148 3928 1306 3991; x_wconf 71' lang='lat' dir='ltr'><strong>manuposed.</strong></span> 
     </span>
     <span class='ocr_line' id='line_1_39' title="bbox 354 3995 1307 4061; baseline -0.004 -12"><span class='ocrx_word' id='word_1_230' title='bbox 354 3995 703 4061; x_wconf 80' lang='lat' dir='ltr'><strong>‘Limenii,&#39;orthe1tother.</strong></span> <span class='ocrx_word' id='word_1_231' title='bbox 731 4000 816 4049; x_wconf 88' lang='lat' dir='ltr'><strong>lnthe</strong></span> <span class='ocrx_word' id='word_1_232' title='bbox 842 4000 896 4049; x_wconf 81' lang='lat' dir='ltr'><strong>&#39;l&#39;he</strong></span> <span class='ocrx_word' id='word_1_233' title='bbox 908 3999 997 4049; x_wconf 88' lang='lat' dir='ltr'><strong>reader</strong></span> <span class='ocrx_word' id='word_1_234' title='bbox 1005 3998 1059 4047; x_wconf 84' lang='lat' dir='ltr'><strong>will</strong></span> <span class='ocrx_word' id='word_1_235' title='bbox 1070 3998 1194 4047; x_wconf 80' lang='lat' dir='ltr'><strong>therefore</strong></span> <span class='ocrx_word' id='word_1_236' title='bbox 1206 4001 1240 4048; x_wconf 93' lang='lat' dir='ltr'><strong>do</strong></span> <span class='ocrx_word' id='word_1_237' title='bbox 1251 3999 1307 4047; x_wconf 80' lang='lat' dir='ltr'><strong>well</strong></span> 
     </span>
     <span class='ocr_line' id='line_1_40' title="bbox 354 4068 1307 4132; baseline -0.004 -13"><span class='ocrx_word' id='word_1_238' title='bbox 354 4072 514 4132; x_wconf 78' lang='lat' dir='ltr'><strong>abridgment</strong></span> <span class='ocrx_word' id='word_1_239' title='bbox 524 4068 553 4117; x_wconf 83' lang='lat' dir='ltr'><strong>oi</strong></span> <span class='ocrx_word' id='word_1_240' title='bbox 565 4069 607 4118; x_wconf 87' lang='lat' dir='ltr'><strong>the</strong></span> <span class='ocrx_word' id='word_1_241' title='bbox 619 4074 726 4118; x_wconf 89' lang='lat' dir='ltr'><strong>account</strong></span> <span class='ocrx_word' id='word_1_242' title='bbox 736 4070 765 4118; x_wconf 83' lang='lat' dir='ltr'><strong>oi</strong></span> <span class='ocrx_word' id='word_1_243' title='bbox 774 4070 816 4119; x_wconf 89' lang='lat' dir='ltr'><strong>the</strong></span> <span class='ocrx_word' id='word_1_244' title='bbox 842 4069 972 4120; x_wconf 84' lang='lat' dir='ltr'><strong>toconsult</strong></span> <span class='ocrx_word' id='word_1_245' title='bbox 980 4069 1211 4118; x_wconf 70' lang='lat' dir='ltr'><strong>mensore-named</strong></span> <span class='ocrx_word' id='word_1_246' title='bbox 1219 4069 1307 4117; x_wconf 84' lang='lat' dir='ltr'><strong>autbo-</strong></span> 
     </span>
     <span class='ocr_line' id='line_1_41' title="bbox 354 4137 1307 4201; baseline -0.002 -12"><span class='ocrx_word' id='word_1_247' title='bbox 354 4141 465 4189; x_wconf 83' lang='lat' dir='ltr'><strong>troubles</strong></span> <span class='ocrx_word' id='word_1_248' title='bbox 484 4139 513 4187; x_wconf 87' lang='lat' dir='ltr'><strong>ol</strong></span> <span class='ocrx_word' id='word_1_249' title='bbox 528 4139 579 4188; x_wconf 83' lang='lat' dir='ltr'><strong>this</strong></span> <span class='ocrx_word' id='word_1_250' title='bbox 596 4140 683 4200; x_wconf 86' lang='lat' dir='ltr'><strong>period</strong></span> <span class='ocrx_word' id='word_1_251' title='bbox 696 4138 758 4188; x_wconf 82' lang='lat' dir='ltr'><strong>from</strong></span> <span class='ocrx_word' id='word_1_252' title='bbox 774 4139 816 4188; x_wconf 92' lang='lat' dir='ltr'><strong>the</strong></span> <span class='ocrx_word' id='word_1_253' title='bbox 843 4141 914 4189; x_wconf 87' lang='lat' dir='ltr'><strong>rities</strong></span> <span class='ocrx_word' id='word_1_254' title='bbox 936 4154 1006 4201; x_wconf 88' lang='lat' dir='ltr'><strong>upon</strong></span> <span class='ocrx_word' id='word_1_255' title='bbox 1027 4139 1078 4188; x_wconf 81' lang='lat' dir='ltr'><strong>thia</strong></span> <span class='ocrx_word' id='word_1_256' title='bbox 1098 4139 1198 4200; x_wconf 87' lang='lat' dir='ltr'><strong>portion</strong></span> <span class='ocrx_word' id='word_1_257' title='bbox 1219 4138 1249 4188; x_wconf 82' lang='lat' dir='ltr'><strong>oi</strong></span> <span class='ocrx_word' id='word_1_258' title='bbox 1266 4137 1307 4187; x_wconf 82' lang='lat' dir='ltr'><strong>tbe</strong></span> 
     </span>
     <span class='ocr_line' id='line_1_42' title="bbox 355 4208 948 4272; baseline 0 -14"><span class='ocrx_word' id='word_1_259' title='bbox 355 4210 439 4259; x_wconf 84' lang='lat' dir='ltr'><strong>Saxon</strong></span> <span class='ocrx_word' id='word_1_260' title='bbox 458 4208 600 4272; x_wconf 87' lang='lat' dir='ltr'><strong>Chronicle,</strong></span> <span class='ocrx_word' id='word_1_261' title='bbox 619 4210 748 4270; x_wconf 83' lang='lat' dir='ltr'><strong>Floreuce,</strong></span> <span class='ocrx_word' id='word_1_262' title='bbox 765 4209 814 4258; x_wconf 84' lang='lat' dir='ltr'><strong>and</strong></span> <span class='ocrx_word' id='word_1_263' title='bbox 844 4209 948 4270; x_wconf 80' lang='lat' dir='ltr'><strong>bistory.</strong></span> 
     </span>
    </p>
   </div>
   <div class='ocr_carea' id='block_1_9' title="bbox 0 0 1524 5004">
    <p class='ocr_par' dir='ltr' id='par_1_10' title="bbox 0 0 1524 5004">
     <span class='ocr_line' id='line_1_43' title="bbox 0 0 1524 5004; baseline 0 0"><span class='ocrx_word' id='word_1_264' title='bbox 0 0 1524 5004; x_wconf 95' lang='lat' dir='ltr'><strong> </strong></span> 
     </span>
    </p>
   </div>
  </div>
 </body>
</html>
