3000 5004
351 439 417 504 256
605 452 737 500 noorai
763 452 809 498 on
833 450 1039 500 wunoovnn

351 607 510 690 pecunia,
527 625 549 670 a
563 606 640 670 loco
660 625 723 669 rex
743 606 973 689 progreditur,
989 614 1025 670 et
1041 600 1208 670 ¹Romam
1224 615 1304 669 tan-

350 706 427 770 dem
448 706 664 788 perveniens,
680 713 803 786 optata
824 704 1059 788 apostolorum
1082 705 1201 768 limina
1220 724 1305 768 con·

352 807 445 883 terit,
461 817 496 868 et
513 804 727 868 diversorum
740 804 819 867 loca
836 811 1034 867 sanctorum
1047 804 1107 886 pia
1119 803 1306 867 devotione

351 904 532 986 percurrit.
574 903 708 966 Deinde
724 900 890 991 Adriano*
905 921 1040 967 summo
1067 901 1222 984 pontifici
1249 903 1305 964 sui

351 1021 492 1066 causam
510 1000 680 1064 adventus
695 1001 915 1078 denuntians,
930 1001 1024 1065 etde
1047 1002 1124 1065 loco
1146 999 1250 1064 simul
1267 1008 1305 1063 et

352 1102 454 1165 beato
476 1099 616 1164 Albano
638 1100 873 1164 canonizando
896 1100 1122 1182 coenobioque
1143 1105 1305 1163 constru-

352 1199 441 1263 endo
459 1200 584 1263 devote
606 1217 724 1280 preces
745 1199 937 1281 porrigens,
952 1199 1112 1281 petitioni
1137 1217 1211 1261 suae
1230 1197 1305 1261 Ro·

353 1317 489 1362 manam
508 1298 550 1361 de
567 1297 660 1361 facili
674 1296 806 1360 curiam
820 1296 1012 1373 inclinavit,
1021 1304 1058 1360 et
1071 1317 1117 1361 ex
1131 1296 1197 1360 boc
1211 1316 1303 1378 prte-

352 1397 465 1480 cipue,
482 1396 574 1478 quod
600 1395 762 1478 martyris
787 1395 941 1460 inventio
956 1395 1090 1460 caelitus
1105 1396 1151 1459 sit
1166 1395 1301 1459 edocta

354 1495 409 1559 De
432 1495 642 1559 monasterio
668 1492 843 1558 fundando
873 1502 909 1558 et
935 1497 979 1558 ab
1001 1495 1096 1559 omni
1122 1493 1305 1576 episcopo-

354 1614 430 1657 rum
464 1594 678 1677 subjectione
707 1592 956 1674 emancipando
987 1594 1117 1657 curiam
1140 1592 1305 1669 consulit,

190 1713 333 1804 mane,
354 1693 410 1755 cui
434 1692 614 1756 Romanus
637 1692 794 1775 pontifex
819 1691 938 1755 taliter
963 1691 1151 1776 respondit,
1174 1691 1230 1754 Ὀ
1253 1691 1305 1754 fili

272 1791 279 1803 ’
353 1790 530 1854 carissime
553 1789 644 1865 Offa,
667 1809 730 1853 rex
755 1789 948 1872 Anglorum
970 1791 1219 1873 potentissime,
1244 1788 1306 1854 de·

354 1890 528 1953 notionem
561 1896 658 1952 tnam
690 1889 784 1951 circa
811 1889 909 1971 regui
939 1889 989 1953 tui
1016 1897 1304 1971 protomartyrem

355 2006 424 2051 non
454 1987 672 2051 mediocriter
703 1986 993 2065 commendamus,
1024 1996 1060 2051 et
1090 1987 1304 2051 monasterio

354 2084 585 2150 construendo
605 2085 759 2167 illudque
776 2085 1028 2167 privilegiando
1051 2085 1210 2168 petitioni
1231 2094 1304 2149 tuae

355 2202 533 2248 assensum
545 2193 725 2266 gratanter
739 2184 944 2265 praebemus,
953 2183 1174 2267 injungentes
1189 2185 1253 2248 tibi
1267 2185 1304 2248 in

356 2290 492 2347 tuorum
517 2283 751 2346 remissionem
777 2289 1011 2364 peccatorum,
1036 2290 1077 2346 nt
1103 2282 1238 2346 rediens
1260 2283 1305 2346 ad

355 2389 482 2445 terram
503 2389 610 2459 tuam,
628 2380 772 2444 consilio
786 2381 1025 2463 episcoporum
1041 2389 1078 2445 et
1098 2379 1306 2463 optimatum

354 2487 503 2556 tuorum,
518 2499 605 2562 quas
617 2479 767 2542 volueris
782 2478 1018 2560 possessiones
1034 2479 1108 2544 sive
1125 2480 1305 2544 libertates

354 2578 447 2641 beati
462 2576 591 2641 Albani
619 2579 828 2642 monasterio
853 2576 1022 2654 conferas,
1047 2586 1082 2642 et
1110 2586 1171 2642 tno
1194 2579 1304 2660 privi-

355 2675 446 2757 legio
479 2675 559 2739 inde
588 2677 681 2739 sacto
705 2696 768 2740 nos
799 2676 967 2757 originale
996 2684 1093 2739 tunm
1122 2677 1306 2759 privilegio

356 2783 474 2838 nostro
497 2775 734 2839 roborabimus
761 2783 1037 2856 consequenter;
1069 2782 1104 2838 et
1131 2782 1306 2839 monaste·

355 2873 443 2936 rium
466 2873 551 2936 illud
573 2875 609 2937 in
632 2873 816 2954 specialem
836 2873 1004 2938 Romanae
1026 2872 1180 2937 ecclesiae
1198 2871 1305 2937 filiam

355 2971 611 3053 adoptabimus,
626 2979 662 3035 et
678 2979 797 3036 nostro
812 2972 898 3035 illud
916 2972 1127 3054 apostolatui
1142 2972 1306 3055 subjicie-

355 3089 444 3148 mus,
458 3071 553 3134 nnllo
569 3071 731 3154 episcopo
746 3071 820 3133 sive
836 3070 1094 3153 archiepiscopo
1108 3066 1306 3136 mediante!

406 3168 475 3232 His
490 3169 597 3251 igitur
610 3169 750 3246 auditis,
765 3189 840 3247 rex,
857 3168 939 3251 qnid
954 3168 1058 3252 digne
1075 3177 1183 3233 tantae
1199 3169 1307 3252 largi-

355 3267 420 3331 tati
442 3269 628 3350 rependere
645 3268 772 3344 valeat,
788 3287 904 3332 secum
927 3275 1138 3350 pertractat3
1162 3269 1305 3332 tandem

355 3364 474 3429 divina
504 3387 619 3448 regem
645 3368 836 3448 inspirante
862 3367 977 3448 gratia
1004 3367 1138 3430 invenit
1163 3366 1305 3432 salubre

355 3465 549 3542 consilium,
567 3474 603 3529 et
622 3466 659 3528 in
677 3465 732 3528 die
754 3467 907 3529 crastina
928 3465 1082 3529 scholam
1099 3463 1307 3546 Anglorum,

355 3581 434 3642 quac
458 3571 540 3626 tunc
560 3563 682 3627 Romae
709 3563 839 3640 floruit,
863 3565 1051 3646 ingressuS,
1074 3563 1168 3626 dedit
1191 3565 1240 3627 ibi
1262 3564 1307 3627 ad

355 3661 644 3724 sustentationem
672 3661 786 3742 gentis
812 3663 911 3743 regni
937 3663 991 3725 sui
1014 3662 1097 3725 illuc
1125 3662 1308 3739 venientia,

355 3751 528 3837 singulos²
551 3767 734 3839 argenteos
754 3759 797 3823 de
819 3758 955 3823 familiis
978 3759 1134 3842 singulis,
1149 3760 1308 3824 omnibus

354 3854 390 3917 in
413 3863 589 3937 posterum
610 3856 742 3935 diebnS,
760 3859 907 3940 singulis
930 3860 1041 3935 annis,
1064 3859 1189 3940 quibus
1211 3860 1308 3923 vide·

319 4143 323 4150 ’
390 4122 512 4176 ¹ltomum
529 4130 646 4192 tandem]
674 4131 722 4178 See
741 4129 816 4191 Pagi,
878 4127 1308 4193 ²Siagelorurgeateor.]Compnre

354 4196 387 4244 ad
400 4212 442 4247 au.
455 4195 468 4261 ξ
481 4201 520 4247 1³.
843 4199 972 4261 Spelmun,
984 4199 1081 4249 Concil.
1093 4213 1119 4260 p.
1129 4202 1185 4248 tin.
