3000 5004
463 420 603 469 rnoans
627 420 896 471 maronianum.
1090 409 1153 475 131

202 585 293 642 trum
323 577 501 660 appendit,
538 585 573 642 et
613 576 829 641 Britanniam
863 577 1005 641 veniens
1031 597 1152 645 versus

202 677 409 754 Eboracum,
434 677 493 741 ubi
522 676 726 740 Eadvvinum
759 675 901 754 sciebat,
930 680 1150 760 properabat.
1272 682 1275 688 '

203 777 254 840 Ut
277 778 386 858 igitur
410 777 586 840 civitatem
613 776 791 857 ingressus
817 783 871 839 est
898 778 1085 841 associavit
1112 799 1151 843 sa

201 876 424 958 pauperibus,
452 875 512 957 qui
546 882 628 939 anta
654 875 798 956 januam
834 877 926 958 regis
958 876 1149 961 eleemosy-

203 995 283 1039 nam
303 976 559 1058 oxpectabant3
588 981 692 1039 eunte
712 984 828 1038 autem
851 994 892 1038 eo
915 984 950 1040 et
973 976 1150 1056 redeunte,

202 1094 343 1156 egressa
360 1083 413 1139 est
432 1093 532 1138 soror
552 1073 628 1157 ejus
650 1075 694 1136 ab
714 1074 796 1138 aula
811 1074 941 1138 habens
963 1077 1091 1157 pelvim
1113 1079 1150 1141 in

202 1193 318 1251 mann,
339 1183 379 1238 ut
405 1193 530 1256 aquam
556 1173 685 1254 reginae
704 1173 823 1236 usibus
846 1174 1058 1256 adportaret‚
1074 1174 1149 1261 (ra-

202 1282 326 1356 puerat
341 1293 490 1355 namque
505 1292 582 1336 eam
600 1272 787 1336 Eadwinus
810 1273 847 1335 in
868 1274 951 1336 urba
966 1272 1150 1356 Wigornia

202 1374 284 1437 dum
301 1382 381 1456 post
395 1373 516 1454 sugam
535 1370 768 1436 cadwallonis
782 1392 844 1453 per
860 1373 1057 1454 provincias
1071 1375 1151 1437 Bri.

200 1481 321 1537 tonum
347 1468 559 1556 desaeviret)
585 1490 664 1554 quae
696 1471 837 1535 fratrom
863 1471 955 1534 inter
979 1491 1149 1555 pauperes

201 1591 425 1653 cognoscens,
443 1572 558 1636 timuit
574 1590 617 1634 ne
634 1572 678 1633 ab
695 1571 812 1653 aliquo
832 1571 991 1651 cognitus
1007 1573 1051 1635 ab
1069 1572 1149 1636 lros·

202 1672 293 1736 tibus
328 1679 529 1754 caperetur3
564 1670 732 1733 indicavit
762 1690 845 1751 ergo
873 1670 973 1734 fratri
998 1671 1150 1736 breviter

201 1778 330 1834 statum
345 1772 449 1834 curiae
462 1778 498 1834 et
512 1789 652 1850 magum
667 1789 769 1851 quem
784 1771 973 1850 quaerebat,
990 1770 1050 1851 qui
1064 1779 1149 1836 tune

201 1871 289 1934 forte
316 1871 407 1934 inter
430 1888 598 1952 pauperes
622 1868 877 1933 deambulabat.
931 1868 1042 1934 Porro
1070 1871 1149 1933 Bri-

201 1989 285 2032 enus
317 1989 470 2033 sororem
497 1987 749 2049 recognoscens
778 1968 956 2050 praecepit,
983 1977 1022 2031 ut
1047 1978 1149 2035 noete

201 2070 359 2150 sequenti
387 2068 507 2132 furtim
538 2068 717 2149 egrediens
744 2068 881 2130 veniret
912 2067 956 2131 ad
993 2087 1071 2131 eum
1104 2070 1149 2133 ad

201 2168 373 2249 quoddam
399 2175 502 2231 vetus
527 2166 694 2249 templum
715 2174 818 2230 extra
840 2167 972 2244 urbem,
994 2167 1053 2230 ubi
1075 2168 1150 2251 ipse

201 2268 389 2332 adventum
412 2267 488 2351 ejus
512 2272 733 2349 expectaret3
768 2265 891 2328 deinde
913 2265 957 2329 ad
979 2285 1150 2348 pauperes

201 2367 335 2430 rediens
352 2366 449 2430 venit
473 2366 517 2430 ad
539 2366 653 2430 locum
679 2365 738 2429 ubi
766 2363 914 2429 Pellitus
939 2364 1017 2428 illos
1041 2365 1149 2430 collo-

201 2467 314 2530 cabat.
367 2465 444 2530 Nec
467 2483 576 2542 mora,
601 2465 714 2529 erexit
737 2463 938 2540 burdonem,
960 2485 1062 2547 quem
1085 2468 1150 2530 sub

201 2573 340 2646 pectora
354 2566 449 2646 magi
465 2564 612 2647 infigens
634 2564 732 2627 illum
748 2563 914 2646 peremit3
938 2572 974 2628 ot
988 2565 1150 2630 baculum

202 2665 238 2727 in
268 2672 395 2729 terram
421 2663 620 2747 projiciens,
650 2662 740 2727 inter
765 2670 910 2727 caeteros
935 2663 1085 2741 delituit,
1114 2672 1151 2730 et

202 2764 288 2827 nulli
318 2765 531 2828 adstantium
561 2771 743 2844 suspectus
765 2762 810 2826 ad
832 2763 980 2844 praesata
1004 2763 1151 2829 latibula

202 2865 371 2945 pervenit.
422 2862 529 2927 Soror
548 2870 664 2927 autem
691 2861 768 2944 ejus
796 2868 897 2926 nocta
920 2862 1010 2925 clam
1033 2865 1151 2944 egredi

202 2964 334 3041 volens,
365 2983 434 3027 non
458 2963 583 3044 potuit,
616 2962 822 3025 turbabatur
846 2961 938 3025 enirn
962 2962 1059 3024 ouria
1076 2969 1152 3027 tota

201 3084 265 3146 pro
288 3070 397 3127 morto
413 3061 543 3137 Pelliti,
568 3060 659 3124 undo
674 3061 798 3142 vigiles
821 3062 912 3124 circa
934 3061 1065 3123 curiam
1088 3081 1151 3125 rex

202 3162 285 3244 poni
301 3161 477 3245 praecepit.
528 3159 579 3224 At
596 3161 757 3236 Brienus,
772 3179 948 3223 nemorum
962 3159 1152 3224 densitates

203 3271 401 3344 penetrans,
422 3261 465 3325 ad
484 3260 657 3325 Exoniam
678 3259 847 3341 pervenit,
870 3259 929 3322 ubi
951 3261 1153 3323 convocatis

203 3362 419 3438 Britonibus,
448 3380 526 3442 quae
552 3359 682 3423 fecerat
705 3357 890 3435 narravit3
929 3364 966 3421 at
991 3358 1044 3421 illi
1068 3359 1153 3423 civi·

203 3467 310 3524 tatem
326 3461 533 3536 munientes,
548 3459 735 3523 adventum
746 3456 981 3521 Cadwallonis
998 3477 1075 3521 cum
1093 3459 1154 3522 lae·

203 3560 281 3624 titia
295 3562 538 3642 expectabant.
591 3558 660 3621 His
673 3558 791 3638 itaque
808 3576 870 3639 per
887 3563 996 3619 totam
1012 3558 1154 3621 Britan·
1167 3581 1291 3622 meura-

203 3659 297 3722 niam
314 3660 515 3741 divulgatio,
531 3657 653 3722 Panda
665 3677 728 3720 rex
741 3657 950 3719 Marciorum
962 3676 1039 3720 cum
1057 3677 1154 3722 max-
1166 3631 1273 3727 iilill'

203 3758 273 3821 ima
286 3758 505 3822 multitudine
516 3757 696 3821 Saxonum
706 3750 813 3821 ¹venit
823 3756 1009 3834 Exoniam,
1023 3764 1059 3821 et
1074 3759 1154 3823 Bri-

204 3876 305 3920 enum
321 3859 465 3922 obsedit.

240 4097 248 4128 ¹
277 4098 350 4149 Vertit
373 4092 525 4216 Exoriare}¹
548 4096 667 4158 Geoffrey
693 4096 786 4158 thority
805 4095 845 4146 ior
862 4096 904 4145 the
924 4097 994 4158 siege
1012 4093 1042 4143 of
1056 4094 1160 4145 Exoter.

204 4184 312 4232 appears
331 4169 386 4218 also
404 4174 431 4218 to
447 4169 480 4217 be
497 4175 508 4218 t
526 4166 611 4228 eonly
622 4182 668 4215 an·
693 4167 738 4217 xii.
750 4170 775 4216 7.
