3000 5004
353 459 414 524 xiv
744 474 918 522 nahason.

352 633 463 696 solum
493 650 602 714 nsque
635 631 947 712 complanarentur,
981 630 1162 712 scripturae
1195 650 1304 695 sacrae

352 732 388 795 in
410 732 531 796 mediis
552 730 635 795 soris
655 731 726 812 igni
749 731 1043 807 comburerentur,
1065 729 1124 812 qui
1149 730 1304 795 ecclesiis

353 840 525 915 praeerant
549 832 585 893 in
610 828 755 894 vinculis
780 838 990 913 ponerentur
1011 849 1052 893 ac
1074 829 1210 894 demum
1238 830 1304 895 diis

353 931 529 995 immolare
546 930 727 1014 exquisitis
744 929 922 1012 suppliciis
939 937 1155 1009 cogerentur.
1202 930 1304 995 Tunc

353 1031 493 1113 quidam
516 1030 638 1095 timore
660 1028 832 1111 perterriti
855 1028 1034 1106 cedebant,
1057 1029 1197 1111 quidam
1219 1049 1302 1094 vero

353 1129 472 1194 divina
497 1131 625 1194 virtute
647 1128 778 1192 suffulti
801 1127 845 1192 ad
868 1147 1017 1210 superna
1044 1148 1105 1211 per
1130 1137 1304 1194 tormenta

353 1231 595 1294 convolabant.
633 1228 745 1292 Passa
760 1235 813 1292 est
824 1228 888 1291 suh
906 1228 970 1291 hac
986 1228 1084 1292 clade
1102 1237 1301 1293 sanctorum

353 1329 444 1413 legio
472 1330 712 1405 Thebaeorum,
740 1328 921 1392 continens
946 1327 1073 1391 milites
1100 1347 1162 1392 sex
1192 1328 1303 1393 millia

353 1438 536 1494 sexcentos
563 1429 748 1510 sexaginta
772 1448 848 1504 sex,
874 1428 944 1509 qui,
966 1427 1112 1511 jubente
1135 1427 1300 1492 Maximi·

353 1548 433 1607 auo,
446 1550 509 1612 pro
526 1528 593 1592 lide
611 1528 741 1592 Christi
755 1527 976 1591 laudabiliter
991 1527 1193 1610 martyrium
1208 1547 1302 1591 corn-

352 1628 546 1710 pleverunt.
592 1627 647 1690 Ex
662 1627 728 1689 hac
744 1636 859 1690 autem
877 1634 1066 1709 martyrum
1081 1627 1301 1692 multitudine

352 1728 493 1791 nomina
514 1726 613 1790 nohis
635 1733 717 1789 suut
738 1734 926 1808 comperta,
948 1726 1109 1790 Mauricii
1127 1726 1299 1803 videlicet,

353 1826 532 1908 Exuperii,
565 1825 724 1901 Candidi,
756 1824 920 1904 Victoris,
954 1826 1160 1903 Innocentii‚
1194 1835 1300 1908 atque

352 1925 503 2004 Vitalis;
528 1925 588 1988 sed
610 1932 737 1989 caetera
759 1926 909 2003 nomina,
930 1944 1008 2007 quae
1028 1927 1126 1990 nobis
1147 1935 1230 1990 sunt
1246 1928 1299 1989 in-

350 2026 504 2107 cognita,
517 2025 552 2088 iu
568 2026 656 2088 libro
671 2027 752 2089 vitae
767 2026 986 2089 eontinentur
1002 2026 1164 2107 ascripta.
1193 2025 1298 2108 Apud

351 2124 512 2189 Castrum
528 2124 732 2189 Solodorum
757 2125 874 2207 passio
890 2124 1043 2190 Victoris
1066 2132 1100 2189 et
1118 2124 1219 2188 Ursae
1242 2145 1298 2189 ce-

349 2224 526 2304 lebratur;
550 2225 752 2307 martyrium
775 2225 880 2287 etiam
903 2222 1085 2300 Gereouis,
1109 2225 1297 2288 sociorum·

350 2343 417 2406 que
434 2325 510 2408 ejus
529 2333 743 2390 trecenorum
761 2324 885 2405 viginti
907 2332 998 2400 octe,
1021 2323 1113 2406 apud
1128 2322 1296 2407 Agrippi-

350 2442 429 2487 nam
455 2423 635 2488 Coloniam
664 2423 838 2505 impletur.
891 2422 981 2488 Haec
1005 2425 1200 2505 persecutio
1226 2432 1297 2487 tam

349 2522 496 2586 crudelis
534 2531 569 2586 et
602 2531 745 2586 cruenta
782 2523 965 2602 flagrabat,
999 2531 1038 2586 ut
1068 2524 1161 2586 intra
1191 2542 1297 2587 unum

348 2640 501 2685 mensem
523 2621 753 2704 septendecim
780 2622 887 2685 millia
912 2630 1102 2703 martyrum
1132 2622 1226 2703 passi
1246 2623 1298 2685 in-

349 2722 553 2800 veniantur;
582 2740 662 2784 nam
689 2729 724 2785 et
753 2722 873 2784 oceani
898 2721 1039 2784 limbum
1067 2728 1297 2802 transgressa,

349 2820 527 2884 Britannis
547 2820 723 2902 lampades
745 2829 942 2884 sanctornm
965 2827 1154 2903 martyrum
1179 2821 1297 2883 claris-

348 2920 452 2984 simas
469 2920 639 2997 accendit,
661 2920 830 3003 siquidem
852 2921 888 2983 in
912 2938 953 2983 ea
978 2938 1103 3001 passus
1126 2927 1179 2983 est
1195 2939 1295 2983 sunc-

348 3026 405 3082 tus
435 3018 606 3096 Albanus,
637 3020 680 3082 de
706 3038 775 3101 quo
803 3020 983 3102 presbyter
1009 3020 1233 3096 Fortunatus
1259 3021 1295 3083 in

346 3118 483 3183 laudern
498 3126 702 3201 martyrum,
718 3119 768 3181 sic
784 3120 846 3195 ait,

440 3277 604 3335 ‘Albanum
617 3276 763 3354 egregium
778 3275 912 3333 foecunda
927 3275 1074 3333 Britannia
1087 3275 1204 3353 profert.

395 3420 488 3499 ‘Qui
507 3422 666 3485 videlieet
683 3419 863 3496 Albanus,
876 3437 953 3483 curu
973 3419 1181 3500 perfidorum
1200 3423 1294 3502 prin-

344 3519 460 3602 cipum
494 3520 660 3583 mandata
688 3520 871 3583 adversum
905 3516 1123 3593 Christianos
1151 3520 1296 3584 desaevi-

345 3626 434 3694 rent,
461 3620 621 3682 clericum
646 3618 817 3699 quendam
842 3626 1080 3700 persecutores
1105 3618 1293 3700 lugientem

345 3717 496 3798 hospitio
526 3717 676 3799 recepit3
711 3718 916 3799 quemdum
944 3717 1156 3782 orationibus
1185 3721 1295 3782 conti·

344 3817 421 3878 uuis
444 3835 484 3880 ac
506 3817 631 3899 vigiliis
653 3818 792 3882 studere
817 3818 1043 3901 conspiceret,
1067 3815 1182 3878 subito
1207 3816 1292 3882 divi·

345 3936 390 3980 ua
412 3925 588 3999 respectus
611 3919 737 3998 gratia,
761 3919 956 4000 exemplum
975 3916 1054 3979 fidei
1073 3915 1166 3978 illius
1186 3919 1294 3998 coepit

343 4016 510 4093 aemulari,
523 4036 563 4081 ac
577 4018 787 4082 salutaribus
802 4017 877 4100 ejus
893 4015 1194 4081 exhortationibus
1210 4036 1293 4098 pau-

342 4116 438 4179 latim
456 4117 612 4193 edoctuS,
630 4116 760 4180 relictis
781 4116 986 4180 idololatriae
1004 4116 1167 4192 tenebriS,
1189 4117 1292 4180 corde

339 4216 476 4297 integro
500 4215 646 4279 efficitur
666 4216 897 4281 Christianus.
952 4215 1060 4279 lstins
1087 4215 1204 4278 clerici
1231 4237 1292 4280 no·
