3000 5004
354 451 421 518 356
611 466 745 514 aornar
770 466 817 513 na
840 464 1049 512 wuuoovna

357 627 525 706 ganorum
540 645 585 688 ex
596 624 722 689 Galliis
738 623 938 698 adveniens,
948 641 1025 684 curn
1044 621 1144 702 equis
1161 626 1198 682 et
1213 620 1313 682 navi·

358 726 421 788 bus
437 725 594 788 ducentis
610 723 873 805 quinquaginta,
889 721 1051 786 Cantiam
1073 727 1310 782 transvectum

357 824 392 886 in
415 824 506 887 ostio
522 817 686 886 ¹Limenii
709 821 872 896 fluminis,
890 818 983 901 quod
1004 818 1048 881 de
1070 818 1161 881 silva
1183 835 1312 898 magna

357 913 687 984 ‘Andredeswald’²
707 919 883 1001 appellata
903 918 1067 992 decurrit,
1085 916 1256 998 applicuit
1277 923 1312 979 et

358 1028 508 1101 quatuor
544 1019 713 1083 milliariis
755 1037 891 1080 sursum
929 1035 1036 1079 naves
1073 1015 1213 1090 direxit,
1252 1014 1311 1076 ubi

359 1118 532 1199 quandam
570 1136 682 1181 arcem
714 1135 735 1179 a
766 1116 887 1197 paucis
920 1114 1047 1177 accolis
1080 1113 1309 1176 inhabitatam

360 1215 546 1291 diruentes,
564 1216 668 1279 aliam
682 1214 747 1278 sibi
763 1214 960 1289 firmiorem,
975 1213 1011 1276 in
1025 1212 1113 1288 loco,
1125 1212 1184 1293 qui
1201 1204 1310 1293 ’‘Ap-

359 1313 488 1397 peltre'
512 1315 649 1390 dicitur,
675 1320 972 1390 construxerunt3
1007 1330 1070 1374 nec
1098 1311 1208 1374 multo
1230 1319 1310 1392 post

361 1412 555 1477 Hasteinus
580 1433 626 1476 ex
647 1412 773 1476 eisdem
796 1412 967 1493 partibus,
984 1428 1062 1472 cum
1083 1410 1230 1473 navibus
1253 1428 1311 1472 oc·

361 1514 497 1593 toginta
513 1513 639 1576 ostium
653 1510 835 1573 Thamesis
852 1509 1003 1573 fluminis
1018 1509 1164 1584 intrans,
1183 1501 1310 1571 ⁴muni-

361 1610 489 1673 tionem
516 1611 582 1673 sibi
608 1611 643 1672 in
671 1609 755 1672 villa
779 1609 888 1689 regia,
912 1627 991 1688 quae
1020 1605 1238 1670 Middeltona
1260 1606 1311 1668 di·

361 1709 462 1784 citur,
479 1709 614 1789 magnis
628 1708 821 1789 sumptibus
839 1706 1103 1770 consummavit.
1146 1705 1214 1768 Sed
1231 1724 1308 1768 cum

361 1806 512 1887 undique
537 1807 609 1885 regi
625 1804 769 1868 Alfredo
790 1805 941 1868 hostium
963 1804 1177 1867 incursiones
1199 1804 1309 1866 immi-

361 1911 482 1967 nerent
502 1898 568 1980 ⁵et,
582 1910 622 1965 nt
639 1902 779 1984 quidam
802 1911 973 1979 asserunt,
989 1902 1083 1983 leges
1101 1903 1190 1965 inter
1213 1920 1309 1964 arma

361 2001 498 2079 sileant,
528 2001 603 2083 ipse
630 2008 745 2064 tamen
779 2002 869 2065 inter
893 2001 1057 2065 stridores
1084 2001 1306 2064 buccinarum

362 2107 398 2163 et
417 2101 571 2182 fragores
592 2099 759 2163 bellorum
780 2108 816 2162 et
837 2118 1010 2162 armorum
1032 2098 1189 2162 fremitus
1213 2099 1307 2180 leges

362 2198 443 2264 tulit
474 2208 509 2262 et
535 2198 768 2263 observandas
793 2197 948 2274 tradidit,
971 2198 1096 2279 quibus
1118 2198 1173 2260 sui
1200 2207 1236 2261 et
1256 2199 1308 2261 di-

361 2298 443 2361 vino
468 2298 576 2361 cultui
604 2305 639 2360 et
664 2291 855 2378 disciplinae
881 2295 1124 2359 adsuescerent
1144 2295 1305 2359 militari:

361 2403 396 2458 et
410 2397 492 2476 quia
508 2397 732 2459 barbarorum
747 2396 927 2459 occasione
945 2395 1050 2458 etiam
1070 2394 1243 2476 indigenae
1264 2394 1308 2457 ad

359 2495 500 2575 rapinas
522 2493 782 2569 anhelaverant,
805 2495 857 2557 ita
877 2495 994 2557 utrix
1017 2492 1079 2555 ulli
1100 2500 1197 2557 tutus
1216 2501 1308 2556 esset

359 2590 455 2654 locus
467 2590 521 2654 vel
536 2593 611 2653 sine
627 2610 799 2655 armorum
813 2591 975 2673 praesidio
991 2599 1214 2668 commeatus,
1227 2611 1308 2654 cen·

359 2690 481 2764 turias,
497 2708 584 2770 quas
608 2688 831 2766 Hundredos,
854 2699 889 2754 et
911 2691 1073 2770 decimas,
1095 2710 1183 2770 quas
1205 2689 1306 2753 Tith-

358 2787 471 2868 ingas,
489 2787 677 2870 appellant,
689 2789 850 2864 instituit,
868 2796 908 2852 ut
921 2789 1032 2852 omnis
1043 2786 1243 2869 Angligena
1259 2791 1307 2853 le·

359 2886 484 2964 galiter
499 2888 619 2949 vivens
643 2894 677 2948 et
694 2888 885 2950 centuriam
906 2887 1047 2950 haberet
1068 2895 1104 2950 et
1117 2887 1306 2963 decimam3

357 2985 493 3066 quodsi
509 2984 586 3066 quis
602 2984 748 3068 alicujus
766 2984 883 3049 delicti
899 2993 1102 3066 argueretur
1118 2986 1306 3048 incommo-

357 3083 414 3159 do,
429 3085 546 3146 statim
565 3084 762 3163 exigeretur
779 3103 824 3146 ex
840 3084 1007 3161 centuria,
1025 3085 1133 3165 etqui
1148 3103 1227 3146 eum
1245 3102 1304 3147 va·

357 3181 496 3245 deretur
509 3193 544 3245 et
560 3180 712 3259 decima;
727 3183 880 3262 quivero
896 3180 1090 3266 hujusmodi
1102 3182 1224 3246 vadem
1236 3202 1306 3245 nou

392 3390 553 3462 ¹Limenii.]
580 3396 687 3458 Limine,
698 3397 819 3447 1..-The
879 3396 1062 3448 ‘Munitiouem
1080 3398 1130 3446 sibi
1148 3399 1174 3446 ia
1190 3399 1250 3447 villu
1268 3415 1307 3448 rt-

357 3465 459 3520 Rother,
482 3480 511 3513 or
534 3465 662 3526 sooner,
684 3466 740 3514 that
761 3481 819 3514 now
842 3468 960 3531 giaqaoe
972 3462 1147 3534 Middeitonu]
1165 3467 1267 3529 Milton,
1278 3484 1307 3518 or

356 3537 463 3596 empties
474 3533 545 3582 itself
553 3535 606 3583 into
618 3534 660 3582 the
668 3549 712 3583 rea
719 3540 745 3583 at
754 3535 819 3597 Rye,
844 3537 1003 3595 Middleton;
1019 3536 1184 3585 notsarfrom
1202 3538 1306 3600 Sitting·

358 3604 486 3664 bulthen,
509 3617 537 3650 aa
560 3604 665 3652 Hearne
682 3618 818 3666 supposes,
842 3606 946 3655 bourne.
980 3605 1094 3655 Thesite
1109 3605 1137 3654 of
1150 3605 1222 3654 these
1236 3606 1307 3655 sorti·

356 3686 410 3720 was
427 3677 454 3719 et
473 3672 540 3720 New
558 3672 693 3732 Romney3
719 3674 818 3722 consult
842 3675 955 3722 fications
967 3675 989 3723 is
1001 3675 1053 3723 still
1064 3674 1155 3723 risible
1169 3689 1201 3722 on
1214 3676 1305 3724 Kams-

355 3740 395 3788 his
412 3745 469 3787 note
487 3741 513 3788 in
530 3742 625 3802 Spelm.
645 3739 689 3789 lise
706 3741 735 3790 of
748 3742 817 3793 Aen.
841 3743 992 3804 leyDown3
1014 3743 1122 3804 Hasted,
1140 3742 1210 3792 Hist.
1229 3745 1306 3807 Kent,

356 3812 606 3927 p'ddmaderwatu.
630 3880 641 3942 ]
671 3879 817 3928 Androdes-
841 3816 1219 3945 ndjffi'qume]
1232 3881 1306 3930 Cice·

354 3945 490 4005 wealdd..
841 3964 877 4010 ro,
895 3950 968 3998 Orat.
988 3964 1034 4010 pro
1054 3949 1161 4009 Milone,
1179 3950 1214 3999 ir.
1250 3951 1304 4000 Tbc

388 4013 566 4077 'Appeltrc.]
601 4016 727 4077 Apuldre,
754 4017 815 4066 Sex.
840 4018 1018 4067 remainderof
1026 4018 1076 4067 this
1087 4019 1215 4066 sectionis
1227 4020 1302 4068 taken

352 4084 729 4146 Chron.;Apnltrea,Florence
740 4101 747 4145 ;
758 4100 816 4134 now
838 4086 901 4135 from
920 4088 1088 4148 Malmsbury,
1105 4083 1118 4150 ξ
1136 4090 1192 4136 122.
1229 4088 1304 4138 Com·

351 4154 506 4214 Appledore,
517 4154 557 4200 six
575 4154 647 4201 miles
662 4153 726 4202 from
739 4155 815 4204 Rom·
839 4163 900 4217 pare
912 4157 998 4218 Carta,
1015 4156 1083 4205 Hist.
1101 4156 1118 4204 i.
1132 4169 1158 4216 p.
1171 4159 1230 4218 309,
1240 4158 1305 4208 vim

351 4236 409 4282 ney.
839 4225 984 4286 spelman's
995 4225 1048 4287 lise,
1059 4239 1085 4288 p.
1099 4228 1156 4274 1⁰8.
