3000 5004
411 440 550 488 enonas
574 440 844 490 u1sronrnnuu.
1055 427 1097 489 41

146 600 348 685 praevalere,
359 597 540 664 confestim
558 598 706 680 diffugit,
723 607 829 683 atquc
844 598 1009 681 oppidum
1022 597 1097 662 Ka·

147 700 316 776 crkonan,
332 699 424 782 quod
442 718 533 762 nunc
544 692 805 781 ¹Cuningeburg
819 698 1027 782 appellatur,
1037 719 1097 782 pe-

147 800 238 865 tivit.
290 799 411 863 Sciens
428 818 511 863 vero
530 797 623 881 quod
644 818 745 861 omne
765 805 921 862 tutamen
943 799 1097 862 suumin

147 899 264 980 gladio
284 906 321 962 et
343 898 445 962 hasta
461 897 678 974 consisteret,
694 897 860 980 oppidum
882 898 1011 961 intrare
1034 917 1096 961 no·

149 999 225 1075 luit,
240 999 324 1080 quia
343 997 436 1062 illud
447 995 591 1062 Aurelio
610 997 768 1060 resistere
789 1014 1008 1079 nequaquam
1031 1017 1097 1060 aes·

149 1097 297 1162 limavit.
350 1096 552 1178 Insequitur
570 1114 648 1159 eum
669 1093 845 1172 Aurelius,
860 1103 896 1159 et
912 1115 1097 1177 quoscum-

148 1197 266 1278 quein
280 1197 404 1260 itinere
424 1196 627 1279 reperiebat,
646 1196 835 1276 amputatis
852 1195 1036 1277 capitibus,
1053 1195 1096 1258 ad

148 1303 283 1359 tartara
306 1295 504 1360 destinavit.
557 1294 698 1359 Potitus
719 1294 839 1376 itaque
861 1294 1006 1357 victoria
1024 1293 1097 1357 Au-

149 1395 265 1471 relius,
285 1395 397 1459 Deum
424 1394 501 1458 caeli
524 1413 568 1457 ox
595 1395 717 1457 intimo
741 1393 855 1458 cordis
878 1392 1002 1456 affectu
1025 1394 1099 1457 lau-

149 1493 232 1557 dare
243 1513 313 1557 non
328 1494 490 1570 cessavit,
504 1494 564 1575 qui
580 1494 645 1556 sibi
657 1492 700 1556 de
713 1492 871 1557 hostibus
887 1491 1098 1574 triumphum

148 1594 329 1658 concessit.

232 1764 383 1830 Aurelius
397 1763 535 1829 scobem
550 1763 717 1828 carrucas
732 1762 917 1846 reaedificare
923 1762 1014 1847 fecit.

191 1890 296 1954 Anno
322 1891 446 1972 gratim
469 1906 749 1954 ccccnxxxvur.
764 1888 927 1952 Aurelius
951 1886 1098 1953 Ambro·
1112 1908 1222 1949 anim

148 1991 233 2068 sius,
249 2009 328 2055 cum
342 2009 404 2073 per
419 1989 636 2054 Britanniam
651 1987 768 2052 hostes
786 1988 973 2070 quaerendo
988 1996 1097 2053 trans-

149 2091 237 2154 itum
259 2088 400 2166 faceret,
422 2089 555 2153 invonit
577 2088 741 2152 ecclesias
769 2087 813 2151 ad
842 2088 955 2151 solum
988 2107 1098 2170 usque

148 2189 356 2266 destructas,
378 2188 469 2252 unde
486 2187 707 2252 vehementer
730 2186 917 2251 condoluit.
970 2183 1098 2250 Accer-
1113 2203 1205 2253 uaros

149 2288 225 2353 sitis
251 2289 372 2371 itaque
393 2287 622 2352 caementariis
640 2294 675 2351 et
691 2286 859 2368 lignariis,
885 2284 1031 2349 aedificia
1048 2286 1099 2350 di·
1112 2255 1243 2296 *mm*

148 2388 231 2452 vina
256 2406 418 2470 reparare
447 2386 595 2453 curavit.
648 2385 838 2468 Dispositis
866 2405 948 2466 ergo
982 2385 1017 2447 in
1048 2386 1099 2448 eis

148 2488 359 2570 presbyteris
388 2494 424 2551 et
449 2487 595 2563 clericis,
627 2485 782 2550 divinum
820 2485 1022 2567 obsequium
1053 2485 1097 2548 ad

149 2595 280 2652 statum
296 2587 450 2651 debitum
473 2585 663 2650 revocavit.
715 2583 766 2650 At
781 2585 840 2648 ubi
857 2583 1003 2668 profana
1016 2584 1098 2649 deo·

149 2706 224 2750 rum
238 2686 369 2770 templa
382 2693 418 2749 et
430 2684 525 2749 idola
545 2685 690 2762 invenit,
704 2705 726 2749 a
742 2685 907 2748 memoria
921 2684 1098 2748 bominum

150 2787 313 2850 universa
338 2784 491 2864 delevit;
520 2784 696 2867 justitiam
728 2792 764 2849 et
789 2803 910 2867 pacem
943 2783 1097 2849 ecclesiis

149 2892 185 2948 et
211 2885 294 2948 viris
319 2877 562 2950 ecclesiasticis
585 2884 768 2949 observare
792 2883 970 2967 praecepit,
994 2885 1098 2947 bene·

148 2985 227 3048 ficia
239 2984 349 3049 multa
360 2983 521 3059 contulit,
535 2989 570 3046 et
582 3001 682 3048 orare
695 3003 758 3067 pro
773 3003 880 3065 regno
896 2990 932 3046 et
944 2982 1099 3046 ecclesiae

149 3091 245 3148 statu
261 3084 421 3148 omnibns
435 3081 630 3165 imperavit.

148 3253 299 3320 Aurelius
313 3255 496 3340 Hcrprslrmt
521 3251 595 3318 bello
619 3253 733 3317 ciclum
755 3254 842 3338 cepit,
866 3275 905 3318 oc
924 3251 1099 3338 decapitari

539 3353 697 3439 pracepit.

200 3500 305 3565 Anno
328 3501 450 3582 gratiae
476 3516 732 3564 ccccnxxrum
761 3500 923 3564 Aurelius
947 3499 1096 3565 Ambro-
1111 3523 1221 3564 unm.

148 3601 233 3677 sius,
249 3600 414 3683 epistolas
436 3600 480 3663 ad
502 3600 682 3663 universos
698 3600 890 3664 Britanniae
907 3601 992 3665 lines
1015 3600 1096 3664 diri·

149 3718 247 3780 gens,
258 3700 424 3782 praecepit
439 3708 478 3764 ut
493 3718 624 3776 omnes,
639 3700 697 3782 qui
715 3708 903 3782 potnerunt
914 3719 1010 3765 arma
1027 3720 1097 3764 mo

150 3818 243 3876 vere,
265 3798 309 3862 ad
337 3818 415 3861 cnm
440 3799 653 3882 quamtotius
673 3801 910 3877 convenirent,
930 3808 966 3864 et
988 3820 1097 3884 paga-

149 3917 212 3963 nos
238 3899 471 3962 exterminare
488 3917 510 3961 a
526 3897 719 3962 Britannice
742 3899 865 3964 linibus
889 3901 1096 3964 laborarent.

50 4000 55 4007 ’
148 3997 381 4080 congregatis
397 3998 504 4080 igitur
525 3998 695 4075 omnibus,
719 4000 892 4080 promovit
907 4000 1098 4064 exercitum

187 4222 193 4252 ¹
204 4216 405 4289 Caningeburg]
424 4221 624 4284 Conisborougb.
661 4222 708 4271 See
719 4222 840 4273 Gibson's
851 4223 973 4286 Gaudeo,
983 4223 1011 4272 ii.
1022 4226 1063 4274 8².
