3000 5004
386 409 527 458 enonas
550 410 821 460 nrsrouraauu.
1009 399 1077 463 233

123 568 243 632 talium
261 569 452 646 Saxonum,
470 577 505 634 et
522 589 584 633 rex
601 568 833 633 Athelbaldus
855 570 1077 651 Mereiorum,

121 669 158 730 in
178 668 268 744 loco,
286 670 345 751 qui
357 663 611 735 ¹‘Sacehenda’
627 669 764 746 dieitur,
777 671 931 751 graviter
945 691 1079 754 pugna·
1089 694 1191 733 neem

124 776 271 847 verunt;
295 769 355 832 sed
379 768 620 845 Athelbaldus,
645 790 707 852 per
731 770 850 850 sugam
877 790 946 834 non
972 745 1226 836 decli-⁸⁰⁰¹¹¹¹⁸⁸⁰”'

123 886 211 930 nans
245 868 392 946 ruinam,
419 870 581 932 occubuit
606 868 832 947 interfectum
866 868 1077 934 Athelbaldo

123 975 252 1042 autem,
281 969 354 1049 regi
387 967 610 1041 Merciorum,
647 968 866 1031 Beornredus
897 971 1075 1033 successit.

125 1064 213 1129 Post
229 1074 375 1131 mortem
392 1086 529 1148 quoque
547 1064 746 1137 Athelbaldi
776 1068 880 1147 regis,
894 1069 953 1148 qui
977 1068 1077 1131 annis

126 1164 436 1247 quadragintauno
448 1166 621 1247 regnavit,
633 1185 777 1247 regnum
788 1166 1076 1229 west-saxonum

126 1263 228 1327 valde
243 1266 442 1328 roboratum
461 1272 524 1328 est.

386 1441 435 1502 De
449 1445 543 1503 monte
561 1438 711 1502 Cetlredt’
725 1438 814 1523 repis.

178 1564 281 1629 Anno
301 1562 444 1627 Domini
466 1579 608 1629 nccnvr.
624 1554 776 1625 ²Paulus
796 1580 889 1643 papa
913 1561 1020 1642 [sedit
1041 1561 1077 1625 in
1090 1588 1200 1629 enee.

128 1664 292 1728 cathedra
323 1661 500 1743 Romana]
538 1662 655 1726 decem
688 1661 800 1724 annis.
857 1658 939 1739 Quo
973 1662 1077 1725 etiam
1090 1640 1210 1691 mm*

128 1783 218 1828 anno
239 1756 468 1837 ³Cuthredus,
487 1780 549 1823 rex
564 1761 837 1842 potentissimus,
856 1765 909 1824 tot
935 1780 1077 1844 prospe·
1091 1789 1193 1829 mitior

129 1863 290 1926 ritatibus
313 1869 349 1925 et
370 1861 524 1926 victoriis
549 1860 692 1943 potitus,
716 1860 837 1923 mortis
859 1840 1190 1924 inclementia⁰⁰‘¹¹¹‘⁶·

128 1962 237 2024 vitam
266 1960 403 2039 finivit;
441 1961 497 2024 eui
532 1960 698 2023 successit
726 1960 762 2021 in
802 1979 945 2040 regnum
979 1960 1077 2041 Sige-

128 2061 247 2123 bertus
287 2066 457 2140 cognatus
482 2059 570 2142 ejus,
601 2058 661 2121 sed
688 2059 785 2123 brevi
809 2066 963 2141 tempore
990 2059 1076 2123 illud

130 2159 253 2235 tenuit,
276 2176 355 2221 nam
379 2177 424 2221 ex
448 2157 712 2238 praedecessoris
736 2158 791 2221 sui
816 2159 998 2222 eventibus
1024 2160 1076 2221 in-

128 2257 244 2321 solens
266 2265 302 2321 et
317 2257 524 2320 tumefactus
542 2257 646 2320 etiam
672 2257 746 2320 suis
770 2256 967 2321 domesticis
988 2257 1079 2321 into-

130 2357 282 2420 lerabilis
306 2356 383 2432 suit,
406 2374 485 2419 cum
513 2363 629 2419 autom
656 2357 767 2420 modis
800 2358 959 2420 omnibus
988 2356 1077 2419 male

130 2463 296 2521 tractaret
335 2475 407 2530 eoS,
440 2455 602 2537 legesque
640 2463 896 2520 antecessorum
936 2474 1078 2518 suorum

129 2563 271 2638 propter
304 2554 521 2620 commodum
554 2574 655 2617 suurn
690 2555 745 2617 vel
779 2555 987 2637 depravaret
1021 2554 1076 2617 vel

131 2660 292 2731 mutaret,
305 2654 470 2731 cumbra,
483 2653 603 2717 consul
616 2653 861 2729 nobilissimus
878 2655 952 2735 regi
970 2653 1078 2716 totius

130 2753 249 2836 populi
267 2755 498 2835 querimonias
520 2754 707 2829 intimavit,
730 2772 831 2835 quem
857 2754 939 2834 quia
961 2771 1078 2833 regem

130 2851 253 2928 suasit,
273 2859 313 2916 ut
334 2852 445 2915 lenius
467 2851 634 2933 populum
654 2852 719 2914 sibi
736 2852 955 2914 commissum
980 2870 1078 2932 rege·

132 2958 185 3015 ret
207 2958 254 3028 et,
278 2950 509 3014 inhumilitate
534 2949 704 3032 deposita,
728 2951 806 3015 Deo
828 2958 863 3014 et
883 2950 1079 3014 hominibus

131 3050 290 3113 amabilis
312 3057 506 3132 appareret,
531 3069 613 3112 mox
628 3050 734 3132 impia
753 3070 836 3115 nece
855 3049 953 3112 illum
971 3048 1080 3132 jussit

131 3149 253 3225 occidi,
288 3149 485 3232 populoque
517 3149 735 3230 postmodum
766 3150 892 3213 saevior
925 3149 1079 3212 existens

131 3248 350 3332 tyrannidem
373 3247 623 3328 augmentavit.
676 3248 756 3326 Quo
780 3249 885 3324 facto,
910 3266 1079 3312 convene-

133 3355 213 3412 runt
230 3366 390 3431 proceres
408 3347 505 3428 regni
521 3365 599 3409 cum
617 3346 745 3429 populo
762 3347 935 3423 universo,
948 3354 984 3411 et
1000 3365 1079 3427 pro·

132 3446 214 3510 vida
228 3447 381 3511 omniurn
395 3445 642 3510 deliberatione
666 3445 833 3527 expulsus
856 3452 909 3508 est
923 3464 945 3507 a
959 3465 1080 3527 regno,

133 3552 168 3608 et
179 3544 385 3624 Kinewlsus,
397 3544 539 3628 juvenis
557 3544 599 3606 de
622 3544 729 3626 stirpe
752 3545 861 3626 regia,
880 3544 1011 3609 electus
1027 3554 1081 3609 est

132 3651 167 3707 et
181 3644 217 3707 in
232 3664 348 3726 regem
367 3651 560 3728 promotus.
611 3642 811 3726 sigebertus
827 3663 909 3708 vero
927 3664 1002 3722 rex,
1020 3645 1079 3708 de·

167 3849 593 3916 ¹Suechendn.]‘Seenndune,'Sax.
620 3853 677 3898 767.
714 3849 765 3897 His
775 3850 905 3899 accession
913 3850 935 3899 is
943 3849 1003 3900 here
1014 3858 1083 3902 ante·

132 3921 226 3971 Chron.
249 3922 403 3985 Seckiugton
414 3924 441 3971 in
452 3919 594 3970 Wervviclr·
619 3918 697 3968 dated
709 3919 743 3978 by
753 3933 801 3967 one
812 3934 881 3979 year.

131 3992 198 4041 shire
211 3992 233 4041 is
248 3993 378 4054 supposed
389 3998 415 4042 to
426 3993 457 4041 be
469 3991 511 4039 the
522 3989 595 4051 place

132 4060 191 4110 here
208 4061 311 4111 alluded
328 4067 371 4122 to;
395 4062 517 4122 Camdeu,
534 4060 551 4107 i.
568 4074 594 4120 p.
655 4055 838 4119 mutareque]
854 4057 1081 4108 Tthax.Chmn.

133 4134 190 4180 dol.
621 4128 670 4175 and
689 4126 790 4175 Simeon
809 4126 881 4187 place
901 4127 941 4176 his
964 4127 1039 4176 death
1056 4127 1082 4175 in

168 4196 178 4228 ¹
196 4195 315 4267 Paulae]
339 4199 380 4248 lle
399 4198 457 4247 died
476 4203 509 4248 uo
528 4200 595 4248 June
621 4197 662 4244 the
675 4196 810 4257 preceding
822 4210 890 4256 year.
