3000 5004
346 462 412 525 390
596 473 730 523 aoonru
760 471 806 519 nn
829 471 1039 520 wnunovnrr

348 633 476 697 lumine
493 639 602 697 totam
620 631 785 713 Angliam
807 630 993 707 illustrari3
1017 627 1210 711 quodcum
1232 627 1305 693 cui-

348 734 428 797 dam
450 740 632 807 matronae,
650 750 728 813 quae
746 749 872 813 pueros
894 729 986 810 regis
1006 729 1138 792 nutrire
1160 747 1305 791 consue-

350 839 459 909 verat,
472 831 658 907 retulisset,
668 830 819 912 puellam
837 830 967 911 recepit
983 829 1017 891 in
1035 830 1174 892 domurn
1192 847 1305 905 suam,

349 940 384 996 et
407 931 488 993 tiliae
511 931 588 994 loco
610 929 704 992 illam
729 928 921 1010 suscipiens
950 927 1036 991 cibis
1057 928 1217 991 delicatis
1239 948 1304 991 nu·

349 1029 447 1095 trivit
469 1037 505 1094 et
525 1029 679 1094 vestibus
701 1049 778 1092 eam
800 1027 1004 1091 cultioribus
1027 1029 1180 1091 vestiens
1202 1034 1305 1109 gestu

350 1138 386 1194 et
401 1130 555 1193 moribus
570 1128 783 1192 informavit.
836 1126 882 1190 Et
896 1147 965 1191 non
982 1127 1092 1191 multo
1107 1134 1200 1209 post,
1211 1127 1304 1190 Ead-

350 1229 501 1306 wardns,
518 1227 653 1292 Aifredi
675 1227 794 1308 magni
817 1227 910 1308 regis
934 1227 1039 1303 filius,
1054 1246 1139 1290 casu
1161 1246 1226 1308 per
1241 1226 1306 1290 vil·

351 1329 421 1392 lam
444 1329 617 1392 transiens
639 1327 684 1390 ad
705 1327 845 1390 domum
867 1326 1021 1402 divertit,
1035 1326 1179 1389 credens
1201 1324 1304 1389 famae

352 1448 425 1491 suae
451 1428 692 1491 detrimentum
720 1425 858 1502 referre,
886 1427 916 1490 si
942 1425 1122 1502 nutricem,
1146 1443 1226 1508 qnae
1251 1426 1304 1506 ip·

352 1546 428 1589 sum
445 1527 666 1602 educaverat,
676 1525 793 1589 videre
808 1525 992 1601 fastidiret,
1006 1525 1065 1588 ubi
1076 1525 1161 1588 visae
1178 1525 1304 1607 puellae

353 1634 477 1707 captus
503 1645 632 1702 amore,
658 1631 759 1688 nocte
786 1625 949 1688 dormivit
975 1643 1052 1687 cnm
1084 1642 1137 1701 ea,
1163 1643 1304 1706 unoque

190 1740 319 1802 amantor
352 1725 537 1806 complexu
554 1723 733 1805 [reddidit]
751 1724 981 1806 gravidatam.
1032 1723 1204 1805 Tempore
1224 1744 1305 1807 par-

190 1792 327 1883 iiiiii?
354 1830 411 1886 tus
438 1823 572 1906 peperit
599 1823 720 1900 filium,
749 1843 852 1906 quem
882 1830 1024 1906 propter
1047 1823 1148 1886 fidem
1177 1824 1304 1887 somnii

353 1922 494 1986 vocavit
525 1922 777 1987 Ethelstanum.
831 1922 956 2005 Itaque
984 1942 1066 2004 rege
1097 1921 1305 1999 Eadwardo,

354 2030 393 2086 ut
415 2042 522 2105 supra
545 2022 674 2086 dictum
696 2030 763 2099 est,
781 2021 956 2099 defuncto,
973 2022 1064 2085 filius
1086 2022 1163 2105 ejus
1184 2021 1306 2086 Ethel-

354 2122 493 2186 wardus
519 2142 564 2185 ex
589 2121 744 2204 legitima
772 2121 921 2205 conjuge
947 2129 1144 2203 generatae,
1170 2129 1304 2204 patrem

355 2223 443 2302 [cita
470 2223 597 2304 morte]
623 2232 761 2286 secutus
789 2229 866 2301 est;
898 2229 981 2285 tnnc
1007 2222 1160 2286 omnium
1185 2220 1306 2286 favore

356 2320 593 2398 Ethelstanus,
625 2321 707 2386 licet
741 2341 785 2384 ex
818 2321 1009 2385 concubina
1043 2328 1240 2403 susceptus,
1269 2322 1306 2385 in

355 2440 471 2500 regem
494 2422 637 2498 electus,
654 2428 771 2504 spreto
788 2419 968 2498 Eadwino,
985 2421 1136 2484 nondum
1158 2420 1202 2484 ad
1226 2441 1304 2503 reg·

356 2519 508 2582 nandum
530 2527 673 2603 propter
695 2528 831 2585 teneros
853 2540 962 2584 annos
981 2521 1118 2597 idonee,
1134 2521 1171 2583 in
1192 2520 1307 2603 King·

355 2626 469 2693 stona,
488 2619 571 2681 villa
591 2620 698 2700 regia,
713 2621 838 2701 ipsum,
859 2628 898 2683 ut
920 2621 1119 2701 praedictum
1141 2627 1207 2697 est,
1222 2639 1305 2685 con-

356 2726 604 2797 secraverunt;
645 2728 866 2782 consecratus
909 2727 1022 2782 antem
1068 2718 1306 2799 EthelstanuS,

355 2817 496 2880 fratrem
519 2837 619 2880 suum
638 2817 855 2895 Eadvvinum,
872 2837 973 2901 quem
992 2818 1033 2881 de
1055 2819 1211 2900 legitimo
1234 2839 1307 2883 ma-

355 2917 515 2980 trimonio
553 2917 717 2998 cognovit
755 2924 969 2998 generatum,
1005 2919 1190 2999 nigerrimo
1228 2940 1305 3001 per-

354 3016 497 3080 strinxit
520 3017 610 3093 odio,
624 3022 792 3101 metuens
814 3037 857 3081 ne
880 3037 943 3099 per
963 3018 1077 3100 ipsum
1097 3018 1305 3101 quandoque

354 3134 377 3178 a
400 3116 498 3197 regni
521 3116 608 3180 solio
631 3116 838 3198 privaretur.
892 3116 972 3180 Hac
993 3115 1100 3197 igitur
1122 3119 1305 3184 occasione

354 3213 478 3278 ductus
501 3236 576 3292 rex,
592 3216 733 3280 fratrem
750 3235 850 3279 suum
869 3214 1072 3280 Eadwinum
1089 3217 1202 3280 solum
1224 3238 1303 3283 cum

354 3316 536 3396 armigero,
566 3315 603 3378 in
637 3315 798 3379 navicula
827 3322 1002 3380 vetustate
1038 3316 1228 3395 confracta,
1268 3320 1302 3382 in

355 3416 459 3478 maris
490 3415 602 3479 medio
626 3417 700 3478 sine
726 3416 855 3497 remige
882 3423 916 3479 et
943 3415 1098 3497 remigio,
1123 3416 1302 3482 dimissum

353 3512 595 3578 miserabiliter
618 3515 783 3597 Neptuno
811 3516 994 3592 commisit,
1017 3515 1076 3579 nbi
1103 3515 1304 3582 adolescens

353 3611 413 3675 illc
434 3615 525 3677 inter
541 3614 666 3677 fluctus
690 3614 794 3676 maris
810 3615 892 3678 vitae
909 3623 1089 3696 pertaesus,
1107 3615 1304 3682 voluntario

353 3712 547 3794 praecipitio
575 3714 676 3776 undis
704 3733 780 3776 sese
807 3715 1013 3794 submersit;
1045 3715 1195 3797 armiger
1222 3737 1305 3782 vero

354 3829 444 3874 nunc
466 3812 622 3892 pedibus,
640 3813 740 3876 modo
763 3813 921 3877 manibus
942 3814 1157 3896 remigando,
1178 3836 1303 3900 corpus
1400 3872 1404 3885 .

354 3909 483 3973 domini
506 3911 561 3972 sni
586 3930 608 3974 a
632 3911 848 3975 Dorobernia
870 3915 906 3977 in
923 3913 1087 3977 Witsand
1109 3915 1153 3978 ad
1178 3924 1304 3981 terram

353 4009 528 4092 perduxit.
595 4010 819 4076 Ethelstanns
850 4033 924 4090 rex,
957 4021 1142 4097 postquam
1175 4017 1218 4079 ab
1251 4018 1304 4080 ira

353 4109 534 4188 deferbuit,
566 4119 638 4175 tam
668 4132 806 4176 enorme
833 4111 964 4177 sactum
995 4112 1195 4191 abhorrens,
1225 4136 1304 4199 sep·

352 4213 447 4273 tenni
478 4211 685 4295 poenitentia
716 4221 871 4296 accepta,
898 4214 1124 4277 fratricidium
1150 4215 1303 4294 deflevit,
