3000 5004
465 514 604 562 sconss
628 514 899 562 srsronrsnun.
1090 497 1155 560 521

204 676 272 732 tem
301 672 453 747 duravit,
476 689 656 752 quousque
683 669 823 751 pienum
848 670 891 733 ab
914 669 1069 734 hostibus
1094 670 1154 732 tri-

204 771 381 851 umphum,
398 778 436 834 ut
457 770 660 852 praedictum
684 776 748 845 ost,
769 768 980 833 Normannis
1005 789 1074 833 nox
1096 788 1155 832 su-

160 944 163 950 *
204 872 408 949 perveniens
424 868 578 932 donavit.
630 867 674 930 In
693 867 759 931 hac
779 868 1020 950 proculdubio
1037 886 1155 950 pugna

184 966 323 1030 ducem
350 967 562 1032 Willolmum
587 966 706 1030 diviua
732 985 854 1029 manus
879 968 1046 1049 protexit,
1073 966 1154 1029 dum

204 1073 256 1128 tot
273 1066 401 1149 jaculis
426 1066 488 1129 illa
509 1064 564 1128 die
590 1083 784 1147 percussus,
809 1066 926 1130 hostes
947 1065 991 1129 de
1013 1085 1156 1148 corpore

204 1165 280 1247 ejus
292 1165 378 1228 nihil
392 1164 572 1246 sanguinis
588 1164 711 1227 elicere
726 1172 924 1245 potuerunt.
956 1165 1040 1229 Dux
1051 1166 1159 1246 igitur

203 1264 413 1342 Willelmus,
426 1264 585 1328 omnibus
599 1264 685 1327 bene
704 1264 898 1345 completis,
913 1283 995 1328 suos
1011 1265 1157 1346 sepelire

205 1363 347 1428 honeste
366 1364 513 1440 curavit,
530 1370 635 1445 atque
650 1363 808 1427 hostibus
825 1365 955 1447 absque
971 1364 1158 1440 calumnia,

205 1464 307 1546 siqui
321 1463 566 1540 velient,idem
581 1462 729 1545 praebuit
745 1462 920 1527 licentiam
935 1463 1157 1546 exsequendi,

206 1557 359 1645 Corpus¹
382 1564 474 1645 regis
498 1562 648 1626 Haroldi
670 1563 773 1626 matri
798 1563 928 1645 petenti
950 1563 1024 1626 sine
1048 1563 1158 1646 pretio

206 1663 312 1739 misit,
334 1663 416 1727 iicet
444 1662 505 1725 illa
528 1661 674 1725 muitum
701 1681 763 1743 por
787 1663 928 1727 nuntios
954 1662 1157 1741 obtulisset3

205 1761 297 1843 quod
325 1768 505 1844 acceptum
533 1761 624 1842 apud
647 1759 827 1826 Waitham
853 1760 1013 1843 sepelivit
1038 1762 1075 1825 in
1104 1781 1160 1826 ec·

206 1861 323 1938 ciesia,
340 1882 445 1944 quam
461 1862 536 1942 ipse
550 1880 594 1924 ex
615 1860 755 1942 proprio
773 1868 1017 1926 construxerat
1039 1862 1074 1924 in
1098 1862 1160 1925 ho·

206 1980 322 2023 norem
355 1969 485 2025 sauctae
517 1960 641 2036 crucis,
674 1967 710 2022 et
742 1961 917 2025 canonicis
948 1960 1161 2024 secularibus

207 2058 400 2143 deputavit.
454 2059 559 2122 Hanc
574 2077 712 2140 quoque
727 2061 826 2142 regni
849 2059 1108 2124 subversionem
1126 2068 1161 2123 et

206 2160 386 2238 sanguinis
401 2157 601 2220 effusionem
617 2164 752 2220 cometa
767 2160 891 2239 ingens
914 2159 1108 2240 sanguinea
1125 2167 1161 2223 et

205 2256 330 2319 crinita
345 2255 381 2318 in
398 2255 540 2319 exordio
557 2255 650 2319 illius
668 2257 750 2318 anni
771 2276 945 2339 apparens
968 2259 1162 2339 praesigna-

208 2355 271 2431 vit,
288 2363 327 2418 ut
345 2354 485 2437 quidam
500 2354 603 2431 dixit,

415 2507 502 2562 Anno
515 2504 631 2562 milleno
653 2530 662 2545 ·
684 2523 835 2581 sexageno,
850 2524 964 2582 quoque
979 2524 1057 2575 seno,

369 2586 529 2662 Anglorum
544 2594 629 2642 metue
653 2610 661 2626 ·
683 2584 811 2642 flammas
826 2604 940 2642 sensere
954 2594 1081 2645 cometae.

208 2726 337 2792 Actum
356 2739 410 2794 ost
428 2739 545 2794 autem
561 2728 626 2792 hoc
641 2727 768 2791 bellum
786 2725 877 2810 apud
896 2726 1111 2809 Hastingnm
1127 2729 1163 2792 in

207 2825 262 2889 dic
279 2830 391 2892 sancti
409 2828 542 2893 Calixti
556 2847 669 2911 papae,
687 2826 797 2908 pridie
813 2826 891 2889 idus
909 2826 1083 2891 Octobris.

245 3046 250 3075 ¹
266 3051 360 3112 Corpus
375 3052 444 3113 regis
461 3050 577 3111 Heroidi,
598 3050 673 3098 matri
697 3051 726 3100 oi
736 3052 827 3100 Poitou
840 3066 900 3113 says
910 3052 965 3101 that
979 3052 1022 3101 the
1034 3052 1165 3114 Conquer-

205 3120 319 3182 petenti]
338 3120 388 3169 For
403 3135 419 3170 a
434 3122 549 3169 succinet
566 3124 674 3168 account
697 3135 727 3169 or
741 3120 842 3169 refused
853 3122 895 3169 the
906 3121 973 3183 body
984 3121 1014 3170 oi
1029 3123 1126 3171 Haruid
1138 3128 1164 3172 to

208 3190 237 3238 os
249 3190 292 3238 the
311 3196 379 3251 story
399 3189 428 3238 oi
444 3185 563 3239 Harold’s
581 3203 673 3250 escape
698 3190 739 3239 his
750 3191 855 3252 mother,
869 3191 987 3254 ordering
1003 3193 1023 3240 it
1039 3198 1065 3241 to
1077 3193 1108 3241 be
1119 3193 1164 3241 bu·

207 3259 270 3307 from
286 3259 328 3308 the
345 3261 423 3309 battle
441 3259 470 3309 oi
485 3259 620 3321 Hustings,
631 3273 674 3307 see
699 3260 753 3310 ried
764 3275 796 3309 un
807 3261 991 3311 thesea-coust.
1031 3261 1094 3311 ibid.

210 3330 329 3380 hisimsb.
346 3345 371 3391 p.
382 3335 442 3390 42⁰,
453 3333 507 3377 note
518 3325 537 3378 ³.
560 3328 674 3377 Wiliium

538 3672 634 3719 runis
658 3672 737 3718 voc.
764 3659 787 3717 i.
