2932 4980
265 847 321 887 ab.
330 848 375 887 tal.

265 897 334 937 nath
343 898 367 936 ol

264 948 286 986 8.
298 948 373 987 hiric.

426 458 470 519 46
679 471 811 519 nocent
838 472 885 518 nn
910 470 1116 519 wnrvnovnn

539 704 588 766 De
601 711 705 767 macto
719 701 865 765 Patricio
879 700 919 764 H
916 698 1117 767 iberaoasiam
1130 700 1267 767 domm

476 827 580 891 Anno
603 826 727 908 gratiae
751 843 917 890 ccccxci.
940 834 1082 891 sanctus
1111 825 1306 903 Patricius,
1329 846 1391 893 se·

426 926 559 990 condus
591 925 770 989 Hiberniae
802 925 1094 1009 archiepiscopus,
1127 944 1221 989 anno
1263 927 1390 991 aetatis

379 1026 388 1043 ⁶
426 1046 500 1089 suae
538 1025 725 1089 centesimo
761 1024 929 1106 vigesimo
958 1024 1109 1089 secundo
1140 1017 1194 1087 ¹in
1223 1024 1390 1092 Domino

427 1125 572 1208 quievit.
625 1124 679 1187 De
696 1123 796 1206 cujus
810 1124 997 1187 sanctitate
1015 1131 1052 1187 et
1072 1121 1252 1187 miraculis
1268 1126 1389 1190 multa

426 1225 590 1305 leguntur
613 1222 784 1303 insignia3
816 1242 895 1286 nam
920 1242 982 1305 per
1008 1241 1118 1287 annos
1141 1222 1387 1307 quadraginta

427 1323 637 1406 praedicabat
654 1322 802 1386 virtutes
823 1322 1046 1405 apostolicas,
1062 1322 1145 1386 dum
1165 1341 1283 1387 cacos
1301 1323 1385 1389 illu·

427 1424 593 1499 minabat,
607 1420 730 1485 sundos
744 1420 864 1485 audire
879 1419 1042 1498 iaciebat,
1057 1421 1232 1486 daemonia
1252 1424 1300 1487 ah
1318 1424 1385 1487 ob·

427 1523 532 1586 sessis
556 1520 758 1604 corporibus
780 1520 938 1603 fugabat,
967 1521 1201 1585 incarceratos
1226 1523 1386 1605 propriis

427 1622 622 1703 sumptibus
644 1619 839 1701 redemptos
867 1620 1048 1696 liberabat,
1073 1626 1228 1685 mortuos
1251 1640 1383 1685 novem

426 1720 546 1784 divina
568 1720 697 1783 virtute
719 1718 885 1801 praeditus
909 1718 1114 1784 suscitabat.
1164 1711 1386 1802 'Ahgetcria

427 1839 564 1902 quoque
587 1826 743 1882 trecenta
758 1818 990 1901 quadraginta
1005 1817 1159 1901 quinque
1182 1826 1218 1883 et
1239 1838 1286 1885 eo
1304 1840 1385 1887 am·

426 1919 517 2000 plius
545 1918 696 2000 scripsit,
713 1917 857 1981 totidem
878 1917 1058 1999 episcopos
1077 1916 1268 1995 ordinavit,
1282 1939 1385 2003 pres·

426 2019 566 2100 hyteros
594 2026 712 2080 autem
739 2017 808 2080 tria
833 2016 942 2080 millia
972 2035 1105 2080 necnon
1127 2025 1164 2082 ct
1194 2017 1384 2084 duodecim

426 2117 535 2180 millia
563 2106 745 2179 hominum
764 2116 801 2179 in
827 2115 966 2197 regione
990 2114 1171 2180 Counacta
1200 2115 1246 2180 ad
1275 2118 1383 2185 fidem

428 2215 558 2280 Christi
583 2215 775 2293 convertit3
809 2234 908 2295 reges
931 2221 1076 2296 septem,
1100 2213 1161 2298 qui
1188 2226 1295 2282 eruut
1316 2218 1384 2283 filii

427 2314 620 2396 Amolgith,
650 2315 687 2376 in
718 2333 787 2379 uno
815 2313 870 2376 die
907 2313 1111 2396 baptizavit,
1141 2314 1385 2399 quadraginta

426 2415 548 2478 diebus
578 2413 789 2496 totidemque
820 2413 980 2476 noctibus
1009 2414 1044 2477 in
1067 2414 1249 2479 cacumine
1278 2416 1385 2481 collis

426 2507 540 2595 ³Hely
555 2513 743 2596 jejunavit,
762 2512 820 2575 uhi
840 2520 910 2575 tres
931 2512 1118 2594 petitiones
1139 2532 1203 2597 pro
1226 2511 1287 2579 his
1310 2514 1383 2582 Hi·

426 2612 662 2688 hernensihus,
682 2612 742 2693 qui
762 2610 863 2674 fidem
883 2610 1013 2675 Christi
1030 2620 1270 2694 susceperant,
1296 2634 1383 2697 pos-

427 2711 573 2790 tulavit;
599 2711 710 2792 primo
735 2710 847 2793 petiit,
870 2708 911 2774 nt
925 2711 1161 2793 unusquisque
1182 2712 1385 2797 susciperet

426 2810 678 2891 poenitentiam,
700 2810 781 2874 licet
808 2810 844 2872 in
872 2816 1028 2873 extremo
1056 2816 1153 2874 statu
1178 2810 1289 2892 vitae3
1324 2834 1384 2879 se-

426 2909 551 2986 cundo,
577 2928 620 2973 ne
646 2910 690 2972 ab
711 2908 907 2972 infidelibus
930 2918 1192 2974 consumeretur
1212 2910 1250 2973 in
1274 2920 1383 2977 aeter·

426 3027 531 3088 num;
570 3009 685 3083 tertio,
716 3027 759 3071 ne
791 3008 992 3089 supervivat
1021 3008 1147 3090 aliquis
1178 3007 1385 3077 Hibernen-

425 3108 515 3169 sium
532 3107 568 3169 in
589 3107 740 3169 adventu
755 3105 779 3169 J
782 3106 903 3182 udicis
918 3106 1001 3189 quia
1022 3106 1193 3172 delebitur
1213 3128 1282 3191 per
1303 3131 1385 3177 ora-

425 3207 555 3271 tionem
581 3206 692 3268 sancti
720 3204 864 3268 Patricii
888 3211 1018 3286 septem
1043 3206 1144 3269 annis
1175 3214 1259 3271 ante
1281 3209 1382 3293 J‘udi-

425 3307 528 3369 cium.
593 3304 635 3367 In
668 3304 727 3367 illo
757 3313 872 3368 autem
904 3304 1063 3369 colliculo
1097 3306 1283 3372 benedixit
1315 3330 1381 3393 po·

425 3405 545 3487 pulum
579 3403 771 3480 Hiberniae,
809 3413 845 3466 et
876 3404 953 3467 ideo
986 3405 1153 3482 ascendit,
1184 3412 1226 3468 ut
1261 3418 1383 3475 oraret

424 3523 487 3585 pro
513 3504 562 3566 eis
591 3513 627 3566 et
650 3503 782 3566 videret
806 3501 955 3566 fructum
979 3503 1108 3567 laboris
1140 3503 1206 3567 sui.
1262 3504 1383 3574 Vene-

462 3690 513 3741 ¹ls
533 3693 638 3741 Domine
654 3688 768 3761 quievit]
794 3694 885 3743 S.Pa·
911 3695 1384 3763 Geet.neg.ed.s.fl.s.p.aa‚nre.

423 3764 481 3823 tric,
505 3762 642 3824 according
668 3768 694 3810 to
717 3764 886 3825 Malmsbury,
945 3762 1139 3829 'Abgetoriad
1162 3779 1191 3814 or
1219 3766 1382 3833 cumenae,

424 3831 485 3881 died
502 3833 528 3881 in
547 3836 605 3893 m,
621 3837 649 3881 at
666 3832 708 3880 the
727 3846 775 3894 age
791 3831 820 3881 oi
830 3836 885 3882 111.
910 3835 999 3882 tables.
1036 3835 1086 3883 For
1107 3850 1141 3883 au
1162 3836 1335 3897 explan-tim
1355 3840 1387 3891 et

424 3901 566 3950 wendover
576 3903 697 3964 probably
709 3903 783 3951 takes
794 3902 834 3950 his
845 3918 886 3951 ac-
910 3903 952 3951 the
963 3902 1034 3952 word
1053 3918 1097 3953 see
1108 3904 1237 3969 Neruius,
1252 3906 1290 3958 Ε.
1304 3910 1382 3962 ΕΒ,

424 3976 501 4019 count
512 3970 574 4018 from
592 3972 635 4019 the
648 3971 767 4019 tradition
779 3971 834 4019 that
844 3971 886 4021 the
910 3973 977 4034 454,
989 3977 1051 4023 note.

424 4041 491 4089 saint
518 4054 589 4088 came
616 4046 642 4088 to
665 4041 838 4101 Glastonbury
860 4043 885 4089 in
947 4036 1056 4110 ’Hely‚]
1073 4056 1103 4091 οι·
1112 4042 1251 4093 Cruachan
1269 4046 1342 4111 Eile,
1357 4052 1384 4099 in

423 4113 481 4169 449,
498 4109 549 4157 and
565 4109 633 4157 lived
652 4110 721 4158 there
740 4110 886 4171 thirty-nine
910 4111 1071 4172 eonnaught,
1078 4112 1161 4161 called
1169 4113 1385 4169 aince‘Cmeh·

423 4193 506 4239 years.
514 4177 598 4226 which
607 4178 693 4227 would
705 4180 762 4239 give
773 4179 816 4227 the
827 4180 886 4229 date
912 4180 1062 4241 Phadrnig,’
1089 4195 1118 4230 or
1151 4182 1267 4235 Patric's
1304 4191 1384 4241 tomb.

422 4246 452 4295 oi
460 4247 500 4296 hie
511 4246 597 4307 death,
607 4251 664 4297 488.
700 4250 748 4296 See
764 4249 884 4299 blalmsb.
912 4250 1036 4310 Nennius,
1047 4250 1061 4312 §
1072 4254 1113 4300 54.
