3000 5004
463 427 602 476 enonas
627 428 896 477 nrsronmaun.
1087 413 1154 478 235

201 585 437 669 expulerunt3
469 605 538 668 quo
567 585 673 663 sacto,
703 586 857 650 unanimi
883 586 1036 649 omniurn
1069 605 1152 650 con-

201 706 306 750 sensu
337 685 539 767 praedictum
569 684 683 749 Offam
723 687 759 750 in
791 704 904 766 regem
936 693 1008 750 tam
1039 686 1152 750 clerus

202 805 307 869 qnam
324 785 473 867 populus
489 791 709 850 coronarunt.
756 783 843 849 Erat
858 783 950 848 enim
965 785 1057 849 idem
1075 784 1154 849 Offa

202 886 245 949 de
270 884 378 966 stirpe
403 902 524 965 regum
555 884 735 958 oriundus,
767 882 859 946 filius
883 883 1045 948 videlicet
1069 883 1155 948 Tin-

203 983 306 1059 ferth,
331 983 391 1066 qni
417 982 483 1047 suit
515 982 655 1059 Eadulf,
681 983 740 1065 qui
770 983 837 1046 fuit
861 982 975 1061 Osulf,
999 983 1058 1066 qui
1090 984 1154 1047 fuit

205 1083 350 1166 Eoppae,
376 1083 436 1165 qui
462 1082 527 1145 fuit
542 1081 694 1160 Wibbae,
721 1082 780 1164 qui
805 1082 870 1145 fuit
892 1080 1072 1160 Creoddae,
1095 1084 1155 1165 qui

205 1183 271 1246 suit
294 1181 502 1258 Kinewoldi‚
528 1181 588 1264 qui
608 1180 851 1259 fuitCnebboe,
874 1181 934 1263 qui
961 1181 1028 1245 fnit
1051 1181 1155 1259 Ithel,

206 1282 265 1364 qui
294 1280 361 1344 suit
390 1281 527 1356 Eomer,
556 1280 615 1363 qui
644 1280 710 1343 fuit
744 1279 978 1362 Angelthean,
1003 1281 1063 1363 qui
1090 1281 1156 1344 fuit

208 1380 309 1457 Offae,
332 1381 392 1462 qui
412 1379 479 1443 suit
494 1379 732 1456 Waremundi,
747 1380 806 1461 qui
829 1378 895 1444 snit
913 1379 1081 1460 Withleg,
1096 1381 1156 1461 qui

208 1480 273 1544 fuit
291 1479 443 1560 Wagon,
468 1479 528 1560 qui
553 1478 618 1542 fuit
643 1478 888 1560 Frethegeatb,
910 1479 970 1562 qui
991 1478 1055 1542 suit
1072 1479 1155 1543 Wo-

207 1579 285 1643 den.
338 1578 404 1642 Isti
425 1578 672 1643 dedicaverunt
689 1577 822 1660 antiqui
842 1586 1002 1660 quartam
1024 1577 1158 1654 feriam,

208 1697 287 1761 quae
314 1677 568 1742 ‘Wodnesdai'
588 1676 803 1760 appellatur3
830 1677 930 1761 cujus
954 1696 1046 1741 uxor
1069 1677 1159 1740 Frea

210 1777 288 1855 fuit,
299 1777 356 1841 cui
370 1776 616 1841 dedicaverunt
630 1777 765 1858 antiqui
782 1784 919 1844 sextam
935 1774 1068 1853 seriam,
1079 1796 1158 1858 qnae

210 1875 367 1939 ‘Fridai'
398 1883 631 1958 nuncupatur.
692 1875 829 1940 Woden
863 1895 946 1940 vero
971 1874 1037 1939 suit
1068 1875 1159 1938 filius

214 1975 446 2048 Frethewold‚
461 1975 521 2057 qui
546 1974 613 2038 fuit
631 1973 781 2051 Freolas,
797 1974 857 2057 qui
879 1974 945 2039 fuit
968 1973 1160 2050 Frithewls,

210 2075 270 2158 qui
287 2074 354 2138 suit
371 2073 524 2152 Godwlf,
546 2074 606 2156 qui
626 2073 692 2138 snit
714 2073 851 2138 Geatae.
903 2072 1010 2137 Hunc
1031 2074 1160 2137 dudum

212 2174 342 2256 pagani
373 2194 438 2257 pro
462 2173 540 2238 Deo
567 2173 836 2248 venerabantur,
864 2172 964 2256 cujus
988 2172 1162 2248 Sedulius,

212 2280 317 2356 poeta
341 2272 501 2349 eximius,
525 2271 561 2334 in
589 2272 745 2355 paschali
772 2271 924 2337 carmine
953 2272 1161 2336 mentionem

212 2372 355 2450 faciens,
368 2372 419 2437 ita
433 2391 579 2436 exorsus
597 2379 672 2450 est3

273 2496 366 2556 ‘Cum
380 2515 431 2553 sua
444 2495 564 2571 gentiles
578 2495 711 2553 studeant
724 2495 859 2572 figmenta
871 2503 962 2572 poete

294 2591 481 2650 Grandisonis
495 2610 629 2668 pompare
642 2591 743 2661 modis,
757 2592 923 2668 tragicoque
936 2592 1031 2663 boatu,

295 2687 463 2746 Ridiculove
477 2686 561 2744 Getae
574 2706 624 2744 seu
638 2686 763 2764 qualibet
776 2695 837 2744 arte
852 2687 988 2756 canendi:
1002 2699 1057 2747 ete.

266 2822 360 2888 Geta
377 2829 493 2887 autem
515 2821 581 2886 fuit
605 2821 696 2885 filius
711 2820 877 2899 Cethwae,
892 2823 952 2904 qui
973 2824 1039 2888 suit
1054 2826 1164 2899 Beau,

217 2924 277 3000 qui
292 2923 358 2986 suit
373 2922 522 2998 Seldwa,
537 2920 596 3003 qui
621 2920 688 2985 suit
705 2920 895 2999 Heremod,
910 2923 970 3003 qui
994 2923 1060 2986 fuit
1076 2923 1165 2988 Iter·

217 3023 309 3099 mod,
325 3022 385 3105 qui
402 3020 468 3086 suit
483 3020 612 3096 Hatra,
626 3020 686 3102 qui
698 3020 765 3084 fuit
782 3020 899 3097 Wala,
917 3022 977 3102 qui
993 3022 1057 3086 fuit
1074 3022 1164 3085 Bed-

218 3123 275 3199 wi‚
289 3121 350 3204 qui
371 3120 437 3183 suit
458 3119 549 3199 Sem,
565 3119 625 3202 qui
648 3119 712 3182 luit
731 3117 822 3196 Noe,
839 3120 898 3201 qui
920 3120 987 3184 suit
1002 3120 1165 3197 Lamech,

219 3221 280 3303 qui
296 3218 362 3284 fuit
377 3217 577 3295 Matusalae,
594 3218 655 3299 qui
670 3219 736 3282 suit
751 3217 883 3295 Enoch,
894 3219 954 3300 qui
968 3216 1035 3283 suit
1051 3219 1165 3284 Mala·

218 3319 297 3397 leel,
310 3319 371 3401 qni
389 3318 455 3381 fuit
469 3316 617 3394 cainan,
631 3316 691 3399 qui
707 3317 773 3380 fuit
790 3317 895 3394 Eum,
912 3317 972 3398 qui
989 3316 1055 3383 suit
1070 3318 1166 3396 Seth,

218 3419 279 3502 qui
307 3417 373 3481 snit
388 3414 515 3495 Adam,
536 3435 639 3499 quem
662 3415 849 3499 plasmavit
874 3416 1044 3480 Dominus
1070 3418 1167 3481 Deus

219 3517 358 3582 delimo
374 3523 488 3581 terrae.
541 3514 621 3579 Offa
645 3515 753 3597 igitur
773 3534 836 3577 rex
851 3515 1010 3579 omnibns
1026 3514 1167 3599 Angliae

219 3616 360 3700 regibus
385 3615 507 3679 terrori
532 3620 608 3677 erat
628 3622 664 3677 et
691 3613 828 3693 timori;
855 3614 940 3680 vicit
961 3634 1110 3698 namque
1131 3616 1168 3680 in

220 3715 342 3800 praelio
372 3733 487 3796 regern
514 3712 813 3791 Cantuariensem,
834 3733 950 3797 regem
972 3715 1168 3780 occidenta-

220 3815 305 3879 lium
330 3814 522 3892 Saxonum,
550 3832 665 3894 regem
694 3811 1091 3894 Northanhumbrorum,
1114 3835 1168 3879 re·

222 3934 300 3997 gem
331 3913 536 3978 australium
578 3911 771 3989 Saxonum,
802 3932 918 3994 regem
950 3914 1168 3980 orientalium

223 4013 432 4096 Anglorum,
456 4019 503 4089 et,
532 4012 623 4075 sicut
653 4011 795 4075 inferius
826 4012 960 4076 dicetur
988 4013 1170 4096 prolixius,

223 4113 357 4178 caeteris
376 4112 516 4193 regibus
529 4110 725 4194 subjugatis
740 4111 795 4175 vel
815 4111 1007 4176 tributariis
1028 4112 1171 4188 effectis,

224 4210 434 4277 Marciorum
448 4231 592 4292 regnum
606 4231 674 4275 non
692 4210 909 4277 mediocriter
924 4211 1094 4276 dilatavit.

1164 705 1229 745 Olina

1165 755 1227 797 ccede

1230 715 1266 744 uc·
