3000 5004
466 457 604 506 rnonns
629 458 897 508 nrsronmnnu.
1087 443 1154 508 513

204 612 418 690 munditiam,
458 636 521 680 nec
560 615 707 699 alicujus
747 615 949 698 pudicitiam
987 616 1150 680 mulieris.

203 713 339 776 Habuit
362 721 476 778 tamen
501 716 670 797 reginam,
685 714 847 779 Godwini
868 716 1015 793 comitia,
1034 723 1074 779 ut
1095 735 1153 778 su-

201 812 394 894 pradictum
417 821 482 891 est,
499 815 617 891 filiam,
640 816 777 878 nomine
797 814 972 893 Editham‚
993 815 1030 878 in
1051 815 1151 898 cujus

202 919 342 992 pectore
359 914 509 976 omnium
526 914 719 978 liberalium
735 914 861 977 artium
875 914 1063 996 repositum
1077 922 1153 978 erat

202 1011 450 1090 magisterium,
473 1011 533 1075 sed
555 1012 726 1076 modicum
749 1013 785 1075 in
811 1013 914 1076 rebus
939 1013 1152 1077 secularibus

203 1109 407 1172 ostendebat
427 1111 626 1192 ingenium
654 1110 742 1173 hanc
758 1130 895 1193 quoque
917 1131 992 1188 rex,
1008 1119 1049 1174 ut
1068 1131 1151 1175 con·

199 1208 332 1291 jugem,
353 1208 416 1271 tali
440 1218 515 1272 arte
539 1211 715 1286 tractavit,
738 1209 830 1291 quod
856 1229 919 1272 nec
940 1217 1017 1274 toro
1039 1229 1150 1272 remo-

204 1307 267 1383 vit,
302 1326 364 1371 nec
393 1326 469 1371 eam
501 1308 592 1372 virili
620 1328 714 1372 more
743 1308 931 1372 carnaliter
962 1310 1150 1390 cognovit3

204 1405 309 1488 quod,
331 1414 446 1469 utrum
461 1408 571 1488 patris
592 1407 697 1485 illius,
714 1408 774 1490 qui
796 1407 951 1488 proditor
973 1415 1048 1471 erat
1070 1427 1153 1471 con-

204 1505 328 1582 victus
346 1513 382 1568 et
398 1504 538 1569 familiae
558 1507 634 1589 ejus
656 1507 747 1583 odio,
766 1507 858 1589 quod
881 1506 1067 1587 prudenter
1088 1525 1151 1588 pro

204 1611 358 1686 tempore
380 1604 631 1682 dissimulabat,
649 1625 694 1670 an
716 1625 833 1669 amore
855 1606 1026 1669 castitatis
1048 1605 1082 1667 id
1101 1605 1151 1668 se·

203 1704 301 1778 cerit,
316 1703 483 1767 incertum
496 1704 661 1783 habetur;
678 1705 738 1768 sed
751 1704 816 1768 hoc
831 1723 1047 1786 summopere
1060 1723 1150 1786 prae-

203 1803 407 1865 sumendum
431 1811 497 1879 est,
525 1803 618 1885 quod
651 1824 715 1867 rex
738 1802 921 1885 religiosus
951 1804 994 1866 de
1025 1823 1151 1884 genere

202 1901 388 1983 proditoris
412 1902 579 1979 haeredes,
595 1903 655 1985 qui
671 1904 736 1967 sibi
754 1904 988 1980 succederent,
1004 1902 1153 1966 noluerit

203 2019 395 2081 procreare.

265 2163 314 2227 Do
329 2165 521 2227 coronatione
535 2163 676 2227 Hcrotdi
692 2165 784 2249 repis,
797 2173 825 2227 ct
840 2163 974 2248 qualiter
990 2184 1088 2263 repom

532 2262 722 2326 Noricorum
736 2262 823 2326 uicit.

255 2384 442 2460 Defuncto,
466 2391 506 2448 ut
529 2385 733 2467 praedictum
757 2393 823 2461 est,
848 2384 1054 2461 Eadwardo‚
1080 2363 1314 2454 run-limi*

204 2485 340 2567 glorum
374 2502 455 2564 rege
486 2484 717 2560 sanctissimo,
743 2477 971 2547 ¹fluctuabant
995 2502 1154 2566 proceres

206 2584 316 2665 regni,
331 2602 433 2665 quem
456 2583 521 2646 sibi
544 2603 660 2665 regem
683 2583 899 2666 praeficerent
915 2590 950 2646 et
966 2590 1153 2661 rectorem3

208 2682 346 2765 quidam
366 2683 455 2744 enim
474 2682 651 2747 Willelmo
672 2682 954 2747 Normannorum
969 2682 1061 2758 duci,
1079 2683 1155 2763 qui·

206 2781 286 2845 dam
319 2781 437 2844 comiti
465 2780 624 2847 Haroldo
652 2781 724 2845 filio
747 2779 923 2858 Godwini‚
951 2781 1012 2844 alii
1040 2789 1155 2845 autem

205 2879 369 2943 favebant
392 2879 555 2961 Eadgaro
582 2880 653 2944 filio
681 2879 878 2943 Eadwardi.
930 2879 1156 2943 Eadmundus

205 2998 288 3042 vero
311 2977 599 3054 Latus-ferreum,
623 2998 685 3041 rex
710 2979 880 3041 naturalis
903 2977 945 3040 de
971 2979 1079 3060 stirpe
1102 2998 1156 3040 re·

206 3098 301 3159 gum,
317 3074 437 3156 genuit
454 3075 697 3151 Eadwardum,
714 3076 927 3139 Eadwardus
945 3075 1156 3157 Eadgarum,

207 3177 263 3239 cui
296 3172 438 3256 dejure
463 3193 607 3254 regnum
636 3174 826 3237 debebatur
850 3173 1064 3255 Anglorum3
1096 3175 1156 3237 sed

211 3273 403 3348 Haroldus,
420 3272 473 3336 vir
487 3273 632 3335 callidus
650 3279 686 3336 et
699 3280 848 3349 astutus,
864 3272 1061 3353 intelligens
1075 3272 1158 3355 quia

209 3373 348 3437 ‘nocuit
363 3390 499 3453 semper
509 3371 645 3436 differre
659 3371 815 3454 paratis,'
824 3372 859 3433 in
875 3371 930 3434 dic
939 3370 1157 3453 Epiphaniae,
1244 3381 1248 3387 ’

208 3492 279 3555 qua
301 3491 363 3535 rex
382 3470 596 3535 Eadwardus
618 3470 775 3552 sepultus
797 3478 862 3547 est,
885 3477 1024 3533 extorta
1047 3470 1114 3534 fide
1137 3490 1159 3533 a

209 3571 411 3654 majoribus,
423 3570 528 3651 capiti
542 3570 682 3651 proprio
696 3569 860 3651 imposuit
874 3566 1044 3631 diadema.
1071 3567 1159 3633 Post

210 3670 309 3753 cujus
335 3669 597 3751 promotionem,
612 3668 755 3732 Tostius
777 3666 885 3731 frater
906 3667 994 3750 ejus,
1009 3685 1031 3730 a
1053 3666 1159 3730 Flan-

209 3768 285 3832 dria
313 3767 456 3830 veniens
487 3787 565 3830 cum
596 3767 743 3831 navibus
775 3766 971 3847 sexaginta,
1000 3765 1035 3828 in
1068 3766 1158 3830 ostio

210 3866 362 3929 Humbri
387 3865 537 3929 fluminis
564 3866 742 3949 applicuit,
765 3866 824 3928 ubi
850 3865 1032 3946 piraticam
1059 3884 1160 3928 exer·

244 4089 252 4121 ¹
266 4088 431 4138 fluctuabunt
446 4084 589 4156 procerte]
612 4089 676 4138 This
700 4088 907 4150 andpartlywith
914 4088 1163 4148 Malmsbumcom·

210 4165 318 4211 account
346 4158 375 4207 oi
411 4158 533 4208 Harold's
568 4160 676 4207 election
702 4174 762 4220 pare
778 4159 885 4219 Tyrrell,
902 4159 920 4207 i.
935 4157 999 4206 book
1012 4159 1046 4205 vi.
1067 4174 1092 4219 p.
1106 4163 1163 4219 1⁰5,

210 4244 299 4294 agrees
315 4229 378 4276 with
399 4228 567 4290 Huntingdon
584 4228 679 4291 partly,
702 4229 753 4277 end
764 4229 948 4286 Introduction,
957 4242 984 4288 p.
992 4227 1048 4277 lxii.
1056 4242 1119 4291 seqq.

258 4319 337 4366 voc.
362 4319 383 4365 ι.
946 4301 968 4364 2
992 4317 1013 4362 n
