3000 5004
341 441 407 509 222
598 456 732 505 noorai
757 456 805 502 nn
827 453 1035 504 warnerus

344 613 457 678 tiones
474 631 537 694 pro
554 611 724 675 universis
741 609 819 693 ejus
833 609 1009 674 beneficiis
1026 610 1120 674 circa
1135 629 1199 673 nos
1217 630 1298 694 per·

343 711 490 788 solvere,
509 711 569 792 qui
588 711 625 773 in
647 710 799 774 tenebris
818 715 854 773 et
875 711 999 773 umbra
1021 710 1142 773 mortis
1163 711 1298 792 positos

344 811 389 876 ad
412 812 528 874 lumen
550 810 705 873 scientiae
726 809 896 891 perducit.
949 802 1162 873 ¹Hortamur
1178 809 1300 892 itaque

347 910 424 975 Deo
455 909 616 973 dilectam
645 907 882 989 religiositatis
919 914 990 972 tuae
1022 908 1224 985 bonitatem,
1259 918 1301 973 ut

346 1010 429 1092 quia
453 1009 584 1073 exortis
607 1007 813 1089 quibusdam
837 1007 1150 1071 ecclesiasticarum
1174 1028 1300 1073 causa·

347 1128 422 1172 rum
441 1108 615 1190 capitulis,
631 1126 700 1170 non
718 1106 793 1169 sine
813 1108 1069 1170 examinatione
1086 1107 1226 1189 longius
1243 1109 1299 1171 in·

347 1207 577 1284 notescendis,
597 1225 685 1288 opus
702 1206 802 1269 nobis
818 1204 885 1269 fuit
899 1206 943 1269 ad
960 1206 1206 1270 conferendum
1223 1214 1300 1272 arte

346 1306 537 1371 literaturae
560 1305 694 1381 imbuti,
716 1305 808 1367 sieut
833 1305 932 1368 decet
959 1305 1123 1369 devotum
1148 1306 1301 1371 auxilia·

347 1412 458 1470 torem
473 1413 603 1469 sanetae
617 1403 738 1467 matris
760 1411 796 1468 et
817 1405 1024 1468 universalis
1044 1405 1212 1481 ecclesiae,
1229 1406 1301 1470 imo

347 1506 563 1586 obedientem
594 1504 811 1575 devotionem
841 1502 923 1568 huic
951 1511 1080 1567 nostrae
1109 1503 1301 1568 hortationi

348 1625 418 1669 non
451 1604 601 1667 desistas
632 1602 903 1679 accommodare,
933 1603 993 1667 sed
1022 1604 1153 1686 absque
1181 1603 1303 1685 aliqua

348 1703 541 1768 retentione
559 1702 759 1782 religiosum
783 1701 851 1766 Dei
865 1702 1031 1765 famulum
1048 1701 1179 1765 Bedam
1194 1722 1301 1766 vene·

349 1802 503 1878 rabilem,
527 1801 727 1864 monasterii
753 1801 804 1888 tui
833 1803 1083 1884 presbyterum,
1109 1801 1153 1865 ad
1179 1801 1302 1866 limina

348 1900 585 1984 apostolorum
602 1898 809 1982 principum,
826 1900 1042 1964 dominorum
1059 1919 1214 1966 meorum
1232 1900 1301 1966 Pe·

349 1999 394 2062 tri
417 2007 453 2062 et
476 1998 591 2074 Pauli,
612 2006 805 2063 amatorum
827 2007 963 2063 tuorum
990 2019 1031 2063 ac
1054 2008 1302 2081 protectorum,

349 2099 394 2162 ad
414 2107 543 2162 nostrae
560 2083 810 2162 mediocritatis
831 2106 1055 2181 conspectum
1073 2119 1141 2163 non
1157 2101 1302 2163 moreris

351 2198 629 2280 dirigere,'quem
653 2197 792 2262 favente
808 2197 959 2262 Domino
981 2198 1112 2262 sanctis
1134 2199 1204 2263 tuis
1220 2218 1301 2281 pre-

351 2298 460 2376 cibus,
484 2318 554 2362 non
587 2295 721 2361 diffidas
749 2317 912 2379 prospere
938 2297 981 2361 ad
1007 2304 1042 2361 te
1073 2297 1197 2375 redire,
1223 2318 1303 2380 per·

351 2406 431 2462 aeta
446 2398 704 2480 praemissorum
718 2396 960 2478 capitulorum,
975 2415 1053 2460 cum
1073 2397 1205 2461 auxilio
1223 2397 1304 2476 Dei,

352 2496 546 2561 desiderata
567 2496 796 2575 solennitate3
823 2495 889 2560 erit
910 2497 1001 2559 enim
1023 2504 1063 2561 ut
1084 2497 1303 2575 confidimus,

352 2595 457 2659 etiam
482 2595 616 2658 cunctis
640 2595 702 2659 tibi
727 2595 867 2658 creditis
890 2595 1121 2677 profuturum,
1138 2597 1304 2680 quicquid

351 2692 506 2759 ecclesiae
529 2694 684 2775 generali
704 2694 867 2758 claruerit
888 2714 951 2776 per
966 2694 1042 2777 ejus
1064 2697 1304 2777 praestantiam

352 2793 590 2875 impertitum.⁵

438 2993 487 3056 De
501 3001 595 3056 morlo
608 3001 637 3055 et
650 2990 810 3076 sepultura
828 2987 908 3053 decli
921 2989 1015 3053 Bada
1021 2987 1204 3073 presbyteri.

402 3116 574 3197 Tempore
602 3135 697 3191 vero,
724 3133 794 3196 quo
820 3113 917 3177 Beda
949 3113 1155 3177 venerabilis
1186 3120 1223 3177 et
1251 3115 1308 3177 vir

353 3217 431 3280 Deo
446 3216 585 3297 dignus,
600 3234 645 3278 ex
663 3214 728 3278 hac
744 3214 820 3277 luce
837 3213 1012 3294 migravit,
1027 3219 1108 3276 ante
1124 3211 1214 3275 diem
1231 3213 1307 3276 Do·

353 3316 488 3380 minicae
535 3313 808 3388 resurrectionis,
851 3312 986 3375 duabus
1024 3311 1308 3389 hebdomadibus,

354 3415 550 3479 creberrimi
568 3414 686 3477 dolore
712 3412 884 3477 anhelitus
914 3412 1120 3475 vexabatur.
1172 3404 1238 3474 'Et
1257 3411 1309 3476 sic

354 3514 457 3578 laetus
485 3521 520 3578 et
548 3513 717 3595 gaudens,
752 3519 857 3594 atque
888 3510 1116 3592 omnipotenti
1146 3509 1224 3573 Deo
1253 3510 1310 3575 die

355 3623 529 3696 noctuque
538 3612 670 3695 gratias
679 3631 799 3692 agens,
810 3612 916 3674 immo
925 3610 1019 3674 horis
1030 3611 1189 3673 omnibus
1200 3628 1310 3692 usque

392 3875 399 3908 ¹
413 3877 551 3926 Hortamur
561 3874 665 3939 itaque]
682 3875 736 3924 The
753 3891 820 3925 eom·
844 3877 1029 3936 tes,hortamur
1039 3875 1115 3942 Deo,'
1125 3883 1175 3927 etc.
1189 3877 1312 3930 Malmeb.

356 3951 511 3998 mencenrent
527 3945 555 3994 ol
569 3945 621 3994 this
636 3945 779 4007 paragraph
796 3948 819 3996 is
844 3948 910 4010 θῦε.

355 4017 414 4068 here
425 4016 538 4066 omitted.
566 4016 592 4063 lt
603 4015 694 4082 should
703 4016 757 4076 he,‘
766 4015 819 4077 Op·

354 4088 470 4149 portunia
485 4100 546 4148 ergo
562 4100 592 4135 ac
609 4086 694 4148 dignis
710 4087 819 4147 amplec·
879 4084 936 4135 'Et
953 4087 989 4135 ric
1007 4079 1102 4154 lota]
1126 4085 1250 4148 Compare
1270 4087 1315 4136 In·

355 4158 439 4208 tendas
456 4156 624 4207 solicitudinis
640 4161 693 4204 tuae
717 4156 819 4216 petitio-
845 4157 986 4206 troduction
1001 4160 1027 4204 to
1045 4155 1127 4217 Beda,
1142 4171 1169 4217 p.
1186 4171 1231 4206 xv.
1248 4158 1312 4206 with

354 4229 430 4278 uibus
441 4228 582 4277 arctissima
593 4226 725 4276 devotione
733 4224 819 4275 taven·
847 4227 966 4276 Malmsb.
978 4226 993 4288 l
1003 4229 1046 4275 64.
