3000 5004
461 406 601 456 riorus
624 408 897 459 msroarnsun.
1108 395 1153 459 73

250 640 454 705 Jasiiaiaaas
462 640 713 725 purificationem
728 637 818 703 beata
833 640 951 704 Maria
965 639 1114 706 celebrari

596 739 763 803 cantitata

252 863 357 929 Anno
369 865 494 945 gratiae
509 881 597 928 oxu.
609 858 718 947 ¹apud
734 864 942 947 Byzantium
953 884 1080 946 magna
1091 864 1152 929 ho·
1166 887 1221 928 sn.
1231 888 1277 926 sio.

202 966 335 1028 minum
361 964 557 1027 mortalitas
578 963 673 1027 faeta
698 972 775 1044 est;
800 984 869 1046 qua
895 964 938 1028 de
957 984 1075 1041 causa,
1094 965 1152 1049 ju-

200 1064 302 1129 bente
325 1064 533 1146 imperatore
549 1061 573 1126 J
578 1065 764 1140 ustiniano,
779 1064 887 1146 coepit
904 1064 1070 1127 celebrari
1096 1084 1152 1128 so·

202 1163 354 1228 lennitas
382 1169 514 1226 sanctae
543 1162 609 1226 Dei
632 1163 821 1244 genitricis,
845 1182 924 1243 quae
951 1162 1153 1228 Purificatio

203 1262 341 1338 dicitur,
355 1261 410 1326 die
433 1262 588 1326 secunda
601 1261 783 1325 Februarii
799 1262 938 1338 mensis,
954 1270 989 1325 et
1003 1264 1154 1326 cessavit

205 1360 412 1426 mortalitas,
450 1361 519 1425 Per
533 1360 624 1425 idem
641 1370 777 1443 tempus
792 1360 995 1438 ModreduS,
1006 1358 1152 1425 Arthuri
1165 1382 1282 1431 ramim

205 1481 323 1544 nepos,
348 1462 404 1524 cui
428 1460 519 1524 idem
536 1459 712 1525 Arthurus
737 1460 954 1524 Britanniam
976 1433 1290 1524 commisa⁰'“⁰‘¹¹⁰⁶·

204 1570 269 1637 rat,
284 1560 479 1624 diademate
495 1561 588 1623 illius
604 1580 680 1624 sese
697 1559 826 1624 fecerat
843 1559 1013 1642 insigniri,
1028 1553 1153 1643 [²regi·

206 1679 354 1742 namque
378 1658 661 1723 Guenhumaram
687 1661 724 1723 in
752 1660 963 1724 consortium
986 1661 1053 1724 tori
1077 1680 1153 1724 sus·

204 1759 372 1842 ceperat]
398 1759 530 1823 violato
549 1760 629 1843 jure
651 1761 804 1842 priorum
828 1761 1046 1841 nuptiarum;
1071 1780 1153 1824 con-

203 1856 393 1923 soederatus
411 1866 487 1922 erat
510 1859 707 1923 Saxonibus
727 1859 883 1941 proditor
897 1860 968 1937 ille,
986 1861 1045 1941 qui
1068 1860 1154 1924 duce

205 1957 386 2022 Cheldrico
413 1968 581 2022 venerunt
613 1978 655 2022 ex
686 1957 876 2022 Germania
901 1979 979 2023 cum
1007 1961 1154 2023 navibus

205 2057 362 2121 ducentis
396 2058 563 2120 militibus
593 2057 717 2139 plenis,
744 2059 804 2140 qui
834 2077 953 2122 omnes
986 2058 1155 2122 Modredo

204 2158 303 2238 quasi
319 2156 459 2221 domino
476 2157 685 2221 serviebant.
728 2156 884 2238 Cumque
902 2159 1003 2221 istius
1016 2158 1155 2221 sceleris

204 2256 346 2319 infamia
361 2256 404 2319 ad
421 2275 523 2320 aures
536 2255 694 2333 Arthuri,
709 2257 769 2338 qui
778 2256 854 2340 jam
870 2276 989 2321 versus
1006 2256 1154 2321 Romam

203 2352 312 2436 Alpes
331 2355 573 2419 transcendere
590 2356 730 2437 incepit,
754 2356 981 2438 pervolasset,
998 2377 1076 2420 cum
1099 2376 1152 2420 re·
1167 2378 1248 2418 naim

205 2455 306 2535 gibus
334 2462 470 2518 tantum
506 2454 676 2518 insulanis
701 2474 821 2519 versus
852 2455 1069 2520 Britanniam
1099 2477 1154 2520 re·
1167 2434 1257 2476 “⁸⁰¹⁰''

205 2555 347 2630 meavit,
361 2555 413 2618 ira
431 2556 585 2618 maxima
601 2555 637 2618 in
655 2553 862 2619 Modrednm
880 2574 1057 2620 accensus.

212 2726 254 2791 Ui
273 2727 446 2806 Aridum,
477 2727 630 2791 Modredo
655 2728 822 2811 interfecto,
850 2729 916 2813 ipss
941 2727 1157 2794 siceabitur

587 2826 776 2891 vulneratus.

257 2948 362 3012 Anno
377 2950 501 3031 gratiae
516 2967 620 3014 uxor.
639 2951 675 3013 in
693 2949 812 3014 Gallia
830 2957 966 3014 cometa
982 2952 1156 3033 apparuit,
1169 2975 1224 3015 sn.
1234 2976 1278 3014 ⁵41.

204 3048 257 3112 ita
276 3048 368 3130 quod
383 3049 506 3113 caelum
523 3049 643 3113 ardere
658 3048 851 3114 videbatur.
904 3049 1035 3113 Eodem
1052 3051 1157 3114 etiam

206 3167 298 3211 anno
336 3168 439 3212 verus
480 3150 623 3230 sanguis
658 3169 702 3212 ex
732 3149 881 3212 nubibus
909 3148 1062 3227 effluxit3
1094 3136 1157 3231 pei·

205 3247 295 3310 idem
320 3254 455 3330 tempus
473 3247 595 3311 domus
611 3248 794 3331 cujusdam
811 3249 981 3328 sanguine
998 3268 1157 3331 respersa

205 3348 380 3430 apparuit,
403 3355 438 3411 et
453 3356 574 3411 secuta
590 3355 643 3410 est
659 3347 735 3410 dira
752 3346 928 3410 hominum
950 3347 1156 3412 mortalitas

206 3445 336 3509 Eodem
360 3454 513 3527 tempora
529 3466 592 3510 rex
609 3445 796 3523 Arthurus,
812 3465 889 3509 cum
912 3465 1048 3509 summa
1060 3447 1156 3510 festi-

203 3595 275 3603 α...-
1042 3590 1136 3596 --.-

240 3651 334 3718 'Apud
353 3655 521 3718 Byzantium]
540 3656 669 3717 Probably
727 3652 917 3720 'Regiaompae
935 3654 1156 3727 Gueshamaram]

203 3724 247 3772 the
262 3724 399 3787 pestilente
417 3738 445 3772 so
463 3724 509 3772 full
527 3724 556 3773 oi
569 3725 669 3775 horrore
693 3725 759 3774 That
778 3725 829 3775 this
847 3726 870 3775 is
888 3726 1016 3787 evidently
1028 3742 1061 3776 aa
1080 3730 1155 3778 omis·

203 3794 300 3843 related
316 3795 351 3855 by
363 3795 515 3856 Procopius,
525 3795 533 3821 ‘
543 3794 583 3843 De
601 3796 668 3844 bello
693 3796 747 3843 sion
757 3796 786 3844 os
793 3796 835 3845 the
847 3797 929 3845 scribe
941 3798 963 3846 is
974 3796 1052 3859 clear,
1062 3799 1156 3848 aswell

204 3863 327 3924 Persico,'
343 3864 387 3912 lib.
400 3864 429 3913 ii.
440 3878 516 3926 capp.
529 3868 571 3923 22,
588 3868 629 3926 28,
645 3866 668 3914 is
692 3864 754 3913 irem
782 3865 825 3913 the
852 3881 961 3928 passage
986 3867 1157 3928 immediately

203 3932 263 3982 here
281 3933 385 3982 alluded
402 3939 437 3982 to.
472 3933 668 3995 lhehistorian,
692 3933 832 3997 following,
850 3950 879 3984 aa
894 3935 956 3984 from
974 3935 1016 3984 the
1033 3938 1156 3998 marginal

203 4002 329 4065 however,
340 4005 363 4051 is
374 4003 450 4051 silent
457 4003 520 4051 with
532 4009 668 4066 respectio
693 4010 749 4052 note
769 4005 794 4052 in
814 4005 856 4053 the
877 4006 934 4054 MS.
952 4005 1005 4053 ‘Ut
1017 4006 1157 4055 Modredus

202 4072 245 4120 the
265 4073 377 4132 miracle,
388 4071 510 4134 although
528 4072 560 4122 he
578 4074 665 4136 highly
693 4072 844 4134 dyademate
863 4075 1001 4123 Britanniae
1021 4075 1157 4135 insignitus

200 4141 283 4190 extols
294 4143 336 4191 the
347 4157 469 4204 emperor.
694 4158 795 4191 uxorem
809 4144 914 4193 Arthuri
925 4144 992 4206 regis
1004 4143 1123 4192 duxerit!
