3000 5004
354 435 419 498 250
606 449 740 497 uocum
764 449 811 495 nu
834 448 1042 496 wranovna

358 607 497 670 hortatu
521 605 691 669 diabolico
711 622 878 668 succensa
894 606 970 668 viro
989 605 1099 670 fertur
1113 605 1231 669 taliter
1254 625 1311 668 re-

357 705 549 786 spondisse,
574 705 713 780 ‘Ecca'
736 705 860 786 inquit,
886 705 1052 769 ‘tradidit
1081 705 1177 768 Deus
1205 704 1312 768 bodie

357 804 455 867 vobis
481 802 657 865 inimicum
675 811 842 880 vestrum,
857 803 959 887 cujus
980 822 1127 884 regnum
1143 811 1215 866 tam
1231 802 1311 866 diu·

358 909 461 965 turno
485 901 679 984 adoptastis
703 901 886 978 desiderio,
909 909 961 978 ut,
988 902 1048 966 illo
1073 902 1222 966 latenter
1245 921 1311 965 ex·

359 1000 480 1076 tincto,
503 1019 647 1081 regnum
669 1000 745 1083 ejus
767 1001 804 1063 in
822 1001 881 1083 jus
898 1008 1052 1064 vestrum
1069 1009 1106 1064 et
1129 1019 1311 1064 successo·

358 1119 434 1163 rum
456 1108 649 1163 vestrorum
672 1106 827 1162 transeat
851 1099 887 1160 in
910 1099 1103 1162 aetemum.'
1154 1098 1222 1162 Cui
1244 1119 1309 1161 rex

358 1204 473 1261 mente
495 1198 637 1265 nimium
669 1199 892 1279 perturbatus
917 1217 962 1261 ex
985 1197 1139 1261 mulieris
1165 1216 1312 1279 persua·

359 1298 468 1373 sione,
493 1316 571 1359 cum
603 1296 841 1377 indignatione
867 1298 978 1379 ipsam
1003 1295 1227 1378 increpando,
1253 1315 1311 1359 re·

359 1395 529 1478 spondit,‘
542 1393 653 1473 Quasi
668 1394 760 1470 una,'
770 1394 896 1476 inquit,
907 1402 916 1428 ‘
928 1395 971 1457 de
979 1395 1097 1458 stultis
1108 1394 1312 1458 mulieribus

359 1494 475 1558 locuta
497 1513 554 1572 es;
578 1494 669 1557 absit
691 1512 712 1555 a
733 1513 801 1570 mc,
818 1495 910 1557 absit
928 1500 999 1556 tam
1013 1478 1218 1558 detestabile
1238 1493 1312 1556 fac-

360 1600 443 1668 tum,
463 1611 533 1673 quo
551 1598 762 1674 perpetrato,
777 1591 860 1655 mibi
882 1592 1035 1674 meisque
1053 1592 1312 1656 successoribus

359 1690 449 1754 foret
478 1691 698 1772 opprobrium
713 1689 733 1767 ;'
755 1698 791 1753 et
816 1690 870 1753 bis
893 1690 1009 1768 dictis,
1036 1709 1099 1753 rex
1127 1691 1237 1753 iratus
1264 1692 1311 1754 ab

358 1788 420 1852 illa
435 1789 588 1851 recessit.
641 1788 792 1865 Interea,
808 1789 934 1853 mentis
948 1790 1206 1871 perturbatione
1222 1808 1312 1872 pau-

360 1887 458 1950 latim
475 1886 645 1969 deposita,
662 1907 763 1968 reges
784 1889 888 1952 ambo
909 1888 1141 1952 consederunt
1153 1887 1197 1951 ad
1213 1907 1324 1962 men·,

359 2005 447 2062 sam,
462 1987 521 2049 ubi
538 1985 713 2066 regalibus
725 1986 910 2050 esculentis
926 1986 1058 2063 refecti,
1071 1986 1108 2050 in
1123 1985 1312 2070 tympanis,

360 2085 503 2148 citharis
525 2092 561 2147 et
582 2083 728 2160 choreis,
743 2084 834 2147 diem
857 2092 968 2148 totam
993 2104 1072 2147 cum
1100 2084 1234 2166 ingenti
1248 2084 1312 2148 lae-

362 2184 440 2247 titia
456 2184 694 2266 expleverunt.
746 2183 813 2247 Sed
834 2183 955 2264 regina
975 2182 1114 2246 interim
1139 2182 1311 2260 malefica,

352 2301 384 2345 a
395 2282 488 2346 foedo
502 2282 680 2365 proposito
696 2300 766 2344 non
782 2281 958 2358 recedens,
966 2281 1073 2365 jussit
1090 2280 1125 2344 in
1139 2281 1219 2344 dolo
1233 2281 1312 2344 tha·

361 2381 502 2456 lamam,
520 2400 614 2442 more
630 2380 739 2461 regio,
755 2379 878 2462 palleis
888 2380 1008 2443 sericis
1025 2387 1061 2443 et
1074 2380 1195 2443 auiaeis
1210 2379 1313 2443 ador-

362 2480 449 2554 nari,
464 2479 501 2541 in
524 2497 593 2560 quo
614 2497 677 2541 rex
692 2476 917 2543 Athelbertus
940 2485 1146 2541 nocturnum
1170 2486 1314 2561 caperet

362 2596 541 2656 somnum;
572 2576 678 2658 juxta
705 2596 843 2659 quoque
867 2584 1016 2640 stratum
1045 2577 1179 2658 regium
1203 2577 1313 2641 sedile

362 2675 551 2757 praeparari
572 2673 654 2737 fecit
679 2675 774 2738 cultu
800 2675 1012 2739 nobilissimo
1036 2683 1254 2739 exstructum
1276 2684 1313 2739 et

362 2774 505 2837 cortinis
543 2772 695 2855 undique
723 2772 984 2851 circumdatum,
1013 2775 1079 2837 sub
1108 2794 1178 2856 qno
1205 2776 1312 2838 etiam

361 2872 519 2936 malefica
544 2873 605 2935 illa
626 2873 755 2936 fossam
779 2873 896 2954 parari
919 2871 1001 2937 fecit
1025 2872 1245 2956 profundam,
1272 2881 1313 2937 ut

363 2971 548 3035 nefandum
579 2972 794 3054 propositum
826 2971 1028 3053 perduceret
1067 2971 1112 3034 ad
1139 2971 1312 3036 effectum.

364 3070 444 3134 ch
474 3090 557 3134 vero
583 3069 821 3146 AthelbertuS,
848 3089 925 3133 cum
959 3076 1040 3152 post
1070 3070 1188 3134 laetum
1219 3070 1312 3135 diem

363 3171 516 3233 membra
547 3169 664 3251 sopori
692 3169 774 3232 dare
806 3169 1055 3251 proposuisset,
1082 3168 1254 3231 adductus
1275 3169 1313 3232 in
1346 3195 1349 3199 ·

364 3267 552 3331 thalamum
569 3274 795 3331 memoratum
817 3268 853 3330 in
868 3265 967 3331 sedili
984 3268 1132 3350 praefato
1146 3267 1313 3344 residens,

363 3386 440 3429 cum
455 3369 532 3449 ipsa
545 3367 632 3430 sella
647 3367 683 3430 in
698 3366 801 3429 fossae
816 3366 1083 3449 profunditatem
1097 3366 1212 3429 subito
1224 3386 1314 3451 pra>-

362 3466 539 3548 cipitatus,
565 3486 587 3529 a
610 3465 801 3540 lictoribuS,
817 3485 904 3547 quos
929 3466 1051 3546 regina
1071 3463 1314 3541 absconderat,

362 3565 551 3627 suffocatus
575 3572 650 3643 est;
684 3583 765 3627 nam
789 3563 883 3628 illico
913 3583 992 3626 cum
1021 3582 1084 3626 rex
1106 3563 1142 3625 in
1175 3563 1313 3627 foveam

362 3664 561 3738 corruisset,
577 3663 796 3745 projecerunt
811 3682 914 3745 super
935 3682 1013 3724 eum
1036 3661 1177 3725 nefandi
1196 3662 1314 3744 prodi·

364 3768 456 3822 tores
470 3760 677 3842 pulvinaria,
691 3781 769 3824 cum
785 3762 939 3825 vestibus
958 3768 992 3824 et
1007 3761 1162 3836 cortinis,
1180 3780 1224 3824 ne
1244 3761 1315 3824 cla·

363 3877 462 3921 mans
484 3859 674 3936 audiretur,
695 3868 730 3922 et
751 3860 800 3922 sic
823 3879 885 3922 rex
902 3867 937 3922 et
958 3867 1091 3941 martyr
1111 3859 1315 3949 innocenter

363 3958 538 4021 extinctus
559 3959 693 4040 accepit
708 3978 871 4022 coronam
887 3959 983 4034 vitae,
997 3977 1102 4039 quam
1118 3959 1315 4039 repromisit

364 4057 460 4120 Deus
485 4058 708 4138 diligentibus
734 4076 783 4121 se.
838 4056 917 4121 Hoc
947 4056 1085 4120 tandem
1108 4056 1315 4120 detestabile

363 4157 503 4232 factum,
535 4155 626 4238 quod
658 4156 777 4236 regina
808 4157 965 4221 malefica
991 4157 1027 4219 in
1058 4174 1201 4238 procum
1233 4156 1314 4219 filiae
