3000 5004
433 455 500 521 3⁰2
689 468 825 516 uocum
849 467 896 515 nn
919 467 1128 517 wuunovua

433 627 646 691 successuris
661 624 854 706 virginibus
870 624 1082 689 aeternaliter
1097 622 1391 707 amplectendum,

435 734 575 808 arrepta
590 726 760 789 novacula
777 744 900 788 nasum
916 724 1094 807 proprium
1112 742 1190 786 cum
1211 722 1309 786 labro
1331 742 1392 785 su-

436 825 562 907 periori
575 824 618 886 ad
632 823 753 887 dentes
767 842 877 904 usque
896 822 1099 906 praecideus,
1114 822 1322 886 horrendum
1345 822 1390 885 de

436 943 475 987 se
511 923 746 1004 spectaculum
777 923 997 986 adstantibus
1026 922 1176 1003 praebuit
1202 922 1387 985 universis.

438 1021 541 1100 Quod
562 1023 691 1085 factum
716 1021 937 1085 memorabile
964 1040 1042 1084 cum
1062 1020 1288 1102 congregatio
1311 1028 1389 1084 tota

436 1122 557 1184 videns
580 1121 820 1196 admiraretur,
834 1120 939 1183 simili
954 1119 996 1183 de
1020 1139 1057 1182 se
1080 1139 1184 1200 opere
1200 1139 1222 1183 a
1238 1119 1388 1200 singulis

435 1228 646 1302 perpetrato,
661 1228 818 1283 materna
839 1226 923 1282 sunt
936 1219 1085 1299 vestigia
1109 1219 1287 1282 insecutae.
1340 1217 1389 1282 Et

435 1318 490 1382 bis
505 1320 556 1383 ita
569 1319 691 1399 gestis,
707 1338 785 1381 cum
803 1337 904 1381 mane
919 1318 1106 1381 crastinum
1121 1317 1309 1393 illuxisset,
1326 1336 1386 1380 su·

435 1425 665 1500 pervenenmt
678 1418 817 1500 tyranni
831 1417 1044 1499 nequissimi,
1059 1424 1098 1479 ut
1107 1416 1268 1480 foeminas
1282 1434 1384 1479 sanc-

435 1524 490 1580 tas
512 1524 548 1580 et
570 1518 647 1581 Deo
670 1517 815 1580 devotas
842 1516 990 1579 ludibrio
1014 1515 1201 1592 traderent,
1224 1514 1327 1578 simul
1350 1521 1386 1577 et

434 1614 547 1696 ipsum
562 1616 809 1680 monasterium
831 1615 1019 1696 spoliatum
1034 1613 1171 1695 ignibus
1188 1632 1386 1678 concrema·

434 1720 530 1792 rent3
558 1714 618 1777 sed
642 1714 892 1795 conspicientes
915 1714 1126 1777 abbatissam
1149 1713 1246 1776 illam
1270 1721 1307 1776 et
1330 1731 1385 1776 so-

434 1830 531 1875 rores
548 1812 703 1890 singulas
718 1819 791 1875 tam
807 1812 992 1876 enormiter
1004 1813 1195 1888 mutilatas,
1210 1819 1245 1875 et
1266 1811 1304 1874 in
1320 1830 1385 1874 suo

435 1911 604 1990 sanguine
624 1929 647 1973 a
662 1910 783 1993 planta
800 1911 897 1992 pedis
919 1930 1028 1992 usque
1048 1911 1092 1974 ad
1109 1912 1274 1974 verticem
1288 1911 1386 1974 tabe·

434 2007 558 2085 factas,
574 2028 652 2071 cum
676 2009 897 2072 festinatione
922 2020 1138 2073 recesserunt
1154 2009 1197 2072 de
1214 2009 1291 2073 loco
1310 2008 1384 2085 illo,

434 2107 515 2171 dum
556 2109 657 2171 nimis
687 2108 829 2188 longum
869 2099 935 2170 s'ibi
966 2109 1142 2172 videretur
1172 2108 1229 2172 vel
1258 2107 1385 2171 ibidem

434 2209 538 2271 etiam
555 2227 616 2290 per
632 2209 736 2270 breve
753 2208 918 2288 temporis
936 2208 1087 2289 spatium
1105 2206 1276 2269 demorari
1290 2226 1299 2285 ;
1322 2206 1382 2269 sed

433 2304 513 2368 inde
532 2305 731 2369 recedentes
748 2305 852 2368 duces
872 2305 1029 2386 praedicti
1051 2312 1295 2387 praeceperunt
1311 2305 1384 2367 suis

433 2403 642 2467 satellitibus
672 2402 843 2479 nefandis,
879 2411 918 2467 ut
942 2404 1070 2487 injecto
1097 2404 1179 2485 igue
1209 2412 1384 2468 monaste-

432 2502 518 2564 rium
538 2520 615 2564 cum
630 2502 788 2564 omnibus
805 2500 948 2564 officinis
964 2509 998 2565 et
1013 2503 1098 2585 ipsis
1114 2502 1386 2567 sanctimoniali·

432 2600 497 2661 bus
521 2606 787 2662 concremarent.
840 2600 966 2682 Sicque
985 2602 1189 2664 executione
1211 2601 1385 2683 completa

433 2716 454 2759 a
467 2698 634 2760 ministris
657 2698 864 2779 iniquitatis,
885 2706 1007 2762 sancta
1023 2700 1200 2763 abbatissa
1214 2706 1251 2763 et
1265 2719 1384 2763 omnes

433 2815 509 2860 cum
537 2797 599 2859 illa
623 2797 774 2878 virgines
803 2799 1031 2862 sanctissimae
1056 2798 1100 2862 ad
1126 2799 1285 2882 martyrii
1308 2800 1385 2880 glo-

432 2896 517 2959 riam
535 2903 775 2978 pervenerunt.

583 3068 633 3130 Dc
647 3067 812 3131 maltorum
828 3068 1008 3132 desolatione
1022 3066 1231 3133 cenobiorum.

485 3190 531 3252 Et
553 3189 607 3253 his
631 3190 682 3255 ita
706 3192 826 3272 gestis,
851 3192 1113 3256 velificaverunt
1142 3193 1300 3256 infideles
1324 3215 1385 3259 ne·

433 3289 590 3371 quissimi
620 3310 682 3372 per
709 3292 814 3354 maris
843 3291 942 3354 littus
966 3311 1115 3368 sursum,
1148 3311 1295 3374 quaeque
1318 3294 1384 3357 sibi

433 3388 536 3451 obvia
560 3389 641 3469 igne
669 3391 919 3472 depopulantes
934 3397 969 3452 et
984 3389 1086 3455 ferro.
1140 3390 1183 3452 In
1205 3389 1271 3454 hac
1298 3411 1385 3475 quo·

433 3507 500 3568 que
524 3488 762 3569 persecutione
784 3490 954 3552 diabolica
973 3482 1166 3553 ¹destructa
1189 3489 1387 3555 referuntur

432 3585 646 3649 nobilissima
675 3590 886 3650 monasteria
913 3589 950 3651 in
979 3590 1135 3670 margine
1164 3590 1270 3652 maris
1302 3591 1385 3666 sita,

432 3682 466 3745 id
483 3690 535 3745 est
552 3683 836 3747 Lindisfarnense
860 3687 1119 3763 monachorum,
1134 3688 1169 3750 in
1190 3707 1260 3769 quo
1284 3689 1384 3753 sedes

433 3787 516 3843 tunc
532 3788 608 3844 erat
622 3782 842 3860 cathedralis
854 3805 958 3866 quam
975 3787 1098 3850 beatus
1115 3786 1261 3849 antistes
1278 3786 1386 3851 Cuth-

431 3879 550 3942 bertus
575 3899 675 3943 sacra
704 3882 758 3944 sui
788 3885 942 3965 corporis
973 3885 1160 3967 praesentia
1183 3885 1384 3966 decoravit3

468 4089 621 4139 'Destructu
639 4091 777 4150 rqferuntur
795 4090 894 4139 nobilis-
921 4092 971 4140 tion
990 4092 1019 4140 oi
1032 4091 1074 4140 the
1092 4095 1256 4142 monasteries
1267 4095 1331 4144 with
1342 4096 1386 4145 Iu·

430 4161 493 4209 dnm
511 4159 682 4223 moratoria]
711 4161 835 4222 Compare
852 4161 894 4208 the
922 4159 1010 4223 gniph.
1031 4160 1101 4210 Hist.
1121 4162 1187 4210 inter
1206 4162 1267 4213 Ber.
1284 4165 1387 4227 Anglic.

430 4230 560 4292 following
571 4235 678 4279 account
688 4229 717 4278 oi
728 4230 769 4278 the
781 4231 894 4279 destruc·
921 4230 1025 4291 Scriptt.
1037 4230 1106 4280 vett.
1117 4230 1136 4280 i.
1148 4245 1176 4292 p.
1187 4234 1229 4293 22,
1241 4246 1308 4296 seqq.
