3000 5004
474 422 614 472 rnouns
638 422 906 471 ursnonmnuu.
1121 408 1166 471 49

208 576 344 641 cestriae
372 580 490 644 urbem
522 580 788 644 munitissimam
820 577 976 657 obsedit3
1008 598 1077 661 quo
1100 597 1161 644 au·

205 673 291 752 dito,
317 687 554 743 convenerunt
576 679 727 763 undique
748 679 910 742 Britones
934 677 1034 760 quasi
1062 697 1158 761 apes,

206 783 253 850 et,
265 777 499 843 assilientibus
517 779 715 842 saxonibus
730 797 752 841 a
767 785 867 859 tergo
880 797 1015 859 semper
1030 775 1157 844 adsist-

206 882 317 953 entes,
331 896 409 941 cum
426 878 509 941 viris
526 877 717 960 sagittariis
733 876 849 941 hostes
872 877 999 941 acriter
1012 876 1155 941 infesta-

207 973 303 1040 bant.
356 977 519 1041 Dimissis
541 997 625 1059 ergo
651 978 835 1052 moenibus,
861 977 990 1058 pagani
1014 996 1155 1057 gressus

207 1080 243 1135 et
267 1093 365 1139 arma
387 1076 584 1158 dirigebant
607 1077 643 1140 in
665 1095 746 1154 eos3
774 1083 811 1139 at
831 1076 1005 1151 Britones,
1027 1076 1153 1157 pedum

207 1171 392 1239 velocitate
426 1176 495 1240 illis
527 1176 800 1259 praestantiores,
837 1174 944 1237 silvas
976 1176 1153 1256 petebant,

206 1280 312 1355 atque
326 1275 452 1339 iterum
470 1276 513 1339 ad
531 1275 660 1339 moenia
673 1273 893 1338 tendentibus
904 1272 1063 1355 paganiS,
1079 1294 1155 1336 rur.

205 1390 281 1435 sum
295 1391 317 1436 a
334 1381 435 1456 tergo
447 1375 667 1439 infestabant.
721 1372 801 1436 Hac
812 1381 887 1436 arte
903 1371 1061 1436 Saxones
1078 1373 1155 1437 diu·

144 1544 148 1553 ¹
206 1471 276 1534 tius
301 1472 452 1556 fatigati,
479 1486 630 1556 stragem
659 1493 729 1537 nou
759 1472 934 1535 minimam
964 1479 1046 1535 sunt
1076 1492 1153 1554 per-

204 1571 310 1652 pessi.
360 1572 461 1638 Tuno
478 1573 648 1650 Saxones,
666 1572 856 1637 exercitum
872 1571 909 1634 iu
930 1571 1018 1635 duas
1035 1579 1154 1653 partes

205 1668 412 1750 dividentes,
439 1680 572 1756 partem
604 1692 707 1735 unam
737 1671 909 1735 moenibus
937 1671 1090 1735 civitatis
1115 1678 1150 1735 et

204 1769 351 1834 alteram
383 1772 426 1836 ad
449 1771 691 1837 debellandum
716 1772 879 1835 Britones
905 1771 1150 1851 assignarunt3

205 1869 299 1933 cives
313 1890 396 1935 vero
416 1871 579 1935 diuturna
595 1872 686 1935 fame
702 1871 854 1947 contriti,
871 1889 949 1932 cum
966 1870 1042 1952 jam
1063 1889 1151 1952 pon·

204 1968 269 2031 dus
283 1969 520 2035 infestantium
543 1989 758 2053 paganorum
774 1969 904 2033 diutius
918 1968 1008 2032 ferre
1030 1970 1151 2051 nequi·

204 2068 350 2146 vissent,
374 2089 494 2134 omnes
517 2071 553 2134 in
579 2089 638 2135 ore
661 2068 768 2151 gladii
793 2067 979 2151 perierunt,
1010 2076 1046 2132 et
1065 2069 1301 2138 civi-cauma

204 2174 312 2230 tatem
335 2168 430 2232 illam
460 2169 578 2233 hostes
608 2170 745 2251 penitus
770 2167 982 2232 deleverunt.
1035 2139 1311 2235 Ιιοοιιειοῒιὶοιιωπι

203 2265 322 2348 itaque
355 2268 507 2332 civitatis
536 2288 645 2351 usque
676 2268 777 2332 hodie
808 2267 1068 2330 transeuntibus
1093 2287 1150 2331 os-

202 2365 358 2429 tenditur
390 2366 579 2433 desolatus.
632 2366 766 2431 Mansit
799 2385 882 2447 ergo
917 2366 1042 2429 ibidem
1075 2365 1152 2430 Elle

202 2484 282 2528 cum
297 2466 407 2529 tribus
424 2467 504 2531 filiis
525 2466 610 2542 suis,
627 2474 663 2531 et
679 2466 855 2548 regionem
871 2464 977 2542 illam,
998 2484 1077 2547 quae
1093 2485 1150 2529 us·

204 2583 272 2646 que
283 2564 542 2648 hodieAnglice
553 2565 744 2643 ‘Sutsexa’
759 2565 883 2629 Latine
892 2572 1007 2628 autem
1018 2565 1150 2648 ‘Regio

204 2661 422 2729 Australium
438 2665 629 2730 Saxonum'
646 2665 785 2742 dicitur,
802 2665 914 2728 colere
931 2664 1048 2748 coepit.

247 2760 354 2829 Anno
365 2766 488 2846 gratiae
503 2781 699 2829 ccccxnur.
713 2758 936 2829 ¹Anastasius
953 2764 1151 2828 Romanum
1164 2783 1290 2875 pm·

204 2880 344 2927 sumens
371 2862 564 2947 imperium,
589 2863 689 2927 annis
714 2863 840 2946 viginti
866 2864 1018 2946 quinque
1043 2864 1266 2946 impe-emm.

204 2962 308 3028 ravit.
370 2963 417 3029 Et
435 2964 612 3028 sciendum
635 2972 701 3042 est,
724 2962 817 3046 quod
839 2981 944 3040 anno,
961 2983 1030 3046 quo
1054 2963 1152 3026 Zeno

205 3069 363 3127 mortuns
379 3071 444 3141 est,
460 3061 668 3128 Anastasius
689 3063 859 3145 imperare
873 3063 993 3145 coepit.
1042 3062 1153 3127 Erant

204 3161 288 3225 anni
325 3163 512 3226 secundum
544 3162 723 3228 Romanos
755 3163 815 3244 [ab
842 3162 971 3241 Adam]
1000 3162 1152 3244 quinque

204 3260 313 3324 millia
343 3263 508 3344 nongenti
536 3263 716 3344 octoginta
741 3279 876 3337 novem,
903 3267 938 3323 et
965 3259 1151 3324 secundum

202 3363 484 3443 supputationem
515 3360 833 3426 Alexandrinorum
861 3360 1014 3442 quinque
1044 3358 1154 3423 millia

204 3462 371 3543 nongenti
386 3463 565 3545 octoginta
578 3468 662 3524 tres.

203 3709 233 3757 os
240 3708 283 3758 tbe
300 3709 370 3771 siege
381 3708 411 3758 os
418 3709 632 3759 Andredeeuster
643 3708 665 3757 is
689 3707 777 3767 found,
793 3709 839 3757 but
856 3707 929 3756 ‘now
944 3705 1069 3757 deeuied!
1102 3707 1156 3758 De·

201 3777 279 3827 taken
298 3777 362 3828 from
381 3778 473 3841 Henry
490 3779 666 3841 Huntingdon‚
689 3779 776 3839 script.
789 3777 865 3840 Engl.
877 3793 903 3839 p.
915 3780 973 3825 alt.

202 3847 307 3910 scripti.
328 3854 386 3910 post
409 3849 474 3899 Bed.
496 3865 522 3910 p.
542 3852 598 3898 812.
634 3848 666 3896 In
726 3845 1154 3910 ¹Amtuaiua]Hewasorowned

202 3916 245 3965 the
256 3918 341 3967 Suon
353 3918 488 3968 Chronicle
499 3919 520 3967 it
536 3917 559 3967 is
574 3918 666 3979 placed
691 3932 805 3978 emperor
815 3932 848 3966 on
858 3921 887 3964 ll
900 3916 974 3977 April
985 3920 1043 3977 491,
1050 3917 1155 3966 accord·

202 3987 230 4035 in
256 3987 300 4036 the
328 4002 391 4049 year
417 3992 475 4038 490.
523 3986 666 4037 Holinsbed
691 3987 824 4048 ingtothe
841 3985 969 4048 generslly
980 3986 1097 4035 received
1107 4002 1155 4035 au·

202 4056 299 4118 speaks
316 4057 345 4107 of
353 4057 594 4119 Andredesobester,
605 4072 634 4106 as
652 4072 669 4106 a
691 4056 815 4118 thorities,
826 4056 877 4105 and
895 4055 956 4105 died
971 4056 1041 4117 early
1053 4057 1079 4104 in
1090 4056 1155 4116 Juiy

202 4126 278 4189 place
290 4127 376 4178 where
395 4128 493 4178 Roman
511 4128 581 4178 wius
599 4142 667 4177 wore
692 4131 751 4175 ⁶18.

256 4298 336 4347 vob.
354 4300 378 4348 1.
986 4298 1007 4342 Β
