<?xml version="1.0" encoding="UTF-8"?>
<!DOCTYPE html PUBLIC "-//W3C//DTD XHTML 1.0 Transitional//EN"
    "http://www.w3.org/TR/xhtml1/DTD/xhtml1-transitional.dtd">
<html xmlns="http://www.w3.org/1999/xhtml" xml:lang="en" lang="en">
 <head>
  <title>
</title>
<meta http-equiv="Content-Type" content="text/html;charset=utf-8" />
  <meta name='ocr-system' content='tesseract 3.04.00' />
  <meta name='ocr-capabilities' content='ocr_page ocr_carea ocr_par ocr_line ocrx_word'/>
</head>
<body>
  <div class='ocr_page' id='page_1' title='image "./rogeridewendove05rogegoog_0260.png"; bbox 0 0 3000 5004; ppageno 0'>
   <div class='ocr_carea' id='block_1_1' title="bbox 416 401 1107 466">
    <p class='ocr_par' dir='ltr' id='par_1_1' title="bbox 416 401 1107 466">
     <span class='ocr_line' id='line_1_1' title="bbox 416 401 1107 466; baseline 0.013 -9"><span class='ocrx_word' id='word_1_1' title='bbox 416 410 556 458; x_wconf 76' lang='lat' dir='ltr'>rannus</span> <span class='ocrx_word' id='word_1_2' title='bbox 580 412 847 462; x_wconf 82' lang='lat' dir='ltr'>ursronnlnnu.</span> <span class='ocrx_word' id='word_1_3' title='bbox 1040 401 1107 466; x_wconf 75' lang='lat'>216</span> 
     </span>
    </p>
   </div>
   <div class='ocr_carea' id='block_1_2' title="bbox 362 640 896 726">
    <p class='ocr_par' dir='ltr' id='par_1_2' title="bbox 362 640 896 726">
     <span class='ocr_line' id='line_1_2' title="bbox 362 640 896 726; baseline 0.006 -23"><span class='ocrx_word' id='word_1_4' title='bbox 362 640 387 703; x_wconf 92' lang='lat' dir='ltr'><em>I</em></span> <span class='ocrx_word' id='word_1_5' title='bbox 385 641 518 726; x_wconf 69' lang='lat' dir='ltr'>mapirwe</span> <span class='ocrx_word' id='word_1_6' title='bbox 532 642 675 705; x_wconf 69' lang='lat' dir='ltr'>camari</span> <span class='ocrx_word' id='word_1_7' title='bbox 680 641 896 726; x_wconf 76' lang='lat' dir='ltr'>prohibentor.</span> 
     </span>
    </p>
   </div>
   <div class='ocr_carea' id='block_1_3' title="bbox 153 764 1232 1048">
    <p class='ocr_par' dir='ltr' id='par_1_3' title="bbox 153 764 1232 1048">
     <span class='ocr_line' id='line_1_3' title="bbox 204 764 1226 850; baseline 0.001 -20"><span class='ocrx_word' id='word_1_8' title='bbox 204 764 307 830; x_wconf 82' lang='lat' dir='ltr'>Anno</span> <span class='ocrx_word' id='word_1_9' title='bbox 339 767 463 846; x_wconf 83' lang='lat' dir='ltr'>gratiae</span> <span class='ocrx_word' id='word_1_10' title='bbox 490 782 667 830; x_wconf 82' lang='lat' dir='ltr'>nccxxvr.</span> <span class='ocrx_word' id='word_1_11' title='bbox 697 766 769 831; x_wconf 91' lang='lat' dir='ltr'>Leo</span> <span class='ocrx_word' id='word_1_12' title='bbox 799 769 988 850; x_wconf 89' lang='lat' dir='ltr'>imperator</span> <span class='ocrx_word' id='word_1_13' title='bbox 1016 767 1226 832; x_wconf 61' lang='lat' dir='ltr'>ima-inan.</span> 
     </span>
     <span class='ocr_line' id='line_1_4' title="bbox 154 840 1198 950; baseline 0.004 -23"><span class='ocrx_word' id='word_1_14' title='bbox 154 866 253 946; x_wconf 82' lang='lat' dir='ltr'>gines</span> <span class='ocrx_word' id='word_1_15' title='bbox 280 864 410 928; x_wconf 86' lang='lat' dir='ltr'><strong>Christi</strong></span> <span class='ocrx_word' id='word_1_16' title='bbox 436 873 471 929; x_wconf 90' lang='lat' dir='ltr'>et</span> <span class='ocrx_word' id='word_1_17' title='bbox 494 874 692 929; x_wconf 87' lang='lat' dir='ltr'>sanctorum</span> <span class='ocrx_word' id='word_1_18' title='bbox 713 865 790 950; x_wconf 90' lang='lat' dir='ltr'>ejus</span> <span class='ocrx_word' id='word_1_19' title='bbox 812 869 849 931; x_wconf 94' lang='lat' dir='ltr'>in</span> <span class='ocrx_word' id='word_1_20' title='bbox 877 867 989 931; x_wconf 89' lang='lat' dir='ltr'>frusta</span> <span class='ocrx_word' id='word_1_21' title='bbox 1011 886 1102 931; x_wconf 90' lang='lat' dir='ltr'>com·</span> <span class='ocrx_word' id='word_1_22' title='bbox 1116 840 1198 931; x_wconf 59' lang='lat' dir='ltr'>iani</span> 
     </span>
     <span class='ocr_line' id='line_1_5' title="bbox 153 941 1232 1048; baseline 0.005 -22"><span class='ocrx_word' id='word_1_23' title='bbox 153 964 259 1027; x_wconf 92' lang='lat' dir='ltr'>minui</span> <span class='ocrx_word' id='word_1_24' title='bbox 274 965 451 1047; x_wconf 88' lang='lat' dir='ltr'>praecepit,</span> <span class='ocrx_word' id='word_1_25' title='bbox 468 983 570 1046; x_wconf 91' lang='lat' dir='ltr'>quem</span> <span class='ocrx_word' id='word_1_26' title='bbox 587 984 679 1046; x_wconf 89' lang='lat' dir='ltr'>papa</span> <span class='ocrx_word' id='word_1_27' title='bbox 695 963 887 1048; x_wconf 82' lang='lat' dir='ltr'>Gregorius</span> <span class='ocrx_word' id='word_1_28' title='bbox 903 966 1013 1031; x_wconf 85' lang='lat' dir='ltr'>literis</span> <span class='ocrx_word' id='word_1_29' title='bbox 1030 967 1102 1030; x_wconf 84' lang='lat' dir='ltr'>suis</span> <span class='ocrx_word' id='word_1_30' title='bbox 1115 941 1161 980; x_wconf 55' lang='lat' dir='ltr'>‘m</span> <span class='ocrx_word' id='word_1_31' title='bbox 1198 950 1232 981; x_wconf 66' lang='lat'>⁸⁰⁴</span> 
     </span>
    </p>
   </div>
   <div class='ocr_carea' id='block_1_4' title="bbox 153 1062 791 1145">
    <p class='ocr_par' dir='ltr' id='par_1_4' title="bbox 153 1062 791 1145">
     <span class='ocr_line' id='line_1_6' title="bbox 153 1062 791 1145; baseline 0.003 -19"><span class='ocrx_word' id='word_1_32' title='bbox 153 1063 299 1127; x_wconf 89' lang='lat' dir='ltr'>multum</span> <span class='ocrx_word' id='word_1_33' title='bbox 316 1062 505 1145; x_wconf 77' lang='lat' dir='ltr'>redarguit,</span> <span class='ocrx_word' id='word_1_34' title='bbox 523 1062 583 1127; x_wconf 85' lang='lat' dir='ltr'>sed</span> <span class='ocrx_word' id='word_1_35' title='bbox 598 1064 635 1126; x_wconf 94' lang='lat' dir='ltr'>in</span> <span class='ocrx_word' id='word_1_36' title='bbox 652 1083 791 1128; x_wconf 88' lang='lat' dir='ltr'>vanum.</span> 
     </span>
    </p>
   </div>
   <div class='ocr_carea' id='block_1_5' title="bbox 384 1235 859 1320">
    <p class='ocr_par' dir='ltr' id='par_1_5' title="bbox 384 1235 859 1320">
     <span class='ocr_line' id='line_1_7' title="bbox 384 1235 859 1320; baseline 0.002 -22"><span class='ocrx_word' id='word_1_37' title='bbox 384 1235 426 1299; x_wconf 80' lang='lat' dir='ltr'>Ut</span> <span class='ocrx_word' id='word_1_38' title='bbox 443 1236 502 1299; x_wconf 81' lang='lat' dir='ltr'>Ine</span> <span class='ocrx_word' id='word_1_39' title='bbox 516 1257 570 1300; x_wconf 80' lang='lat' dir='ltr'>rae</span> <span class='ocrx_word' id='word_1_40' title='bbox 584 1237 715 1299; x_wconf 81' lang='lat' dir='ltr'>[tomam</span> <span class='ocrx_word' id='word_1_41' title='bbox 722 1236 859 1320; x_wconf 52' lang='lat' dir='ltr'>pet-”terit</span> 
     </span>
    </p>
   </div>
   <div class='ocr_carea' id='block_1_6' title="bbox 137 1357 1265 3419">
    <p class='ocr_par' dir='ltr' id='par_1_6' title="bbox 137 1357 1265 3419">
     <span class='ocr_line' id='line_1_8' title="bbox 203 1357 1225 1443; baseline 0.002 -21"><span class='ocrx_word' id='word_1_42' title='bbox 203 1357 308 1423; x_wconf 86' lang='lat' dir='ltr'>Anno</span> <span class='ocrx_word' id='word_1_43' title='bbox 331 1360 455 1440; x_wconf 70' lang='lat' dir='ltr'>gratim</span> <span class='ocrx_word' id='word_1_44' title='bbox 479 1376 673 1423; x_wconf 84' lang='lat' dir='ltr'>neexxvu.</span> <span class='ocrx_word' id='word_1_45' title='bbox 692 1359 768 1437; x_wconf 88' lang='lat' dir='ltr'>Ine,</span> <span class='ocrx_word' id='word_1_46' title='bbox 791 1379 853 1424; x_wconf 82' lang='lat' dir='ltr'>rex</span> <span class='ocrx_word' id='word_1_47' title='bbox 871 1359 956 1424; x_wconf 84' lang='lat' dir='ltr'><strong>felix</strong></span> <span class='ocrx_word' id='word_1_48' title='bbox 979 1370 1014 1426; x_wconf 90' lang='lat' dir='ltr'>et</span> <span class='ocrx_word' id='word_1_49' title='bbox 1039 1381 1225 1443; x_wconf 62' lang='lat' dir='ltr'>po-rnan.</span> 
     </span>
     <span class='ocr_line' id='line_1_9' title="bbox 154 1434 1220 1540; baseline 0.006 -19"><span class='ocrx_word' id='word_1_50' title='bbox 154 1465 245 1534; x_wconf 84' lang='lat' dir='ltr'>tens,</span> <span class='ocrx_word' id='word_1_51' title='bbox 262 1457 477 1522; x_wconf 85' lang='lat' dir='ltr'>Athelhardo</span> <span class='ocrx_word' id='word_1_52' title='bbox 493 1466 645 1539; x_wconf 83' lang='lat' dir='ltr'>cognato</span> <span class='ocrx_word' id='word_1_53' title='bbox 666 1478 730 1522; x_wconf 86' lang='lat' dir='ltr'>suo</span> <span class='ocrx_word' id='word_1_54' title='bbox 753 1478 897 1540; x_wconf 79' lang='lat' dir='ltr'>regnum</span> <span class='ocrx_word' id='word_1_55' title='bbox 922 1480 1022 1523; x_wconf 90' lang='lat' dir='ltr'>suum</span> <span class='ocrx_word' id='word_1_56' title='bbox 1048 1480 1101 1524; x_wconf 90' lang='lat' dir='ltr'>re·</span> <span class='ocrx_word' id='word_1_57' title='bbox 1114 1434 1220 1530; x_wconf 51' lang='lat' dir='ltr'>imm</span> 
     </span>
     <span class='ocr_line' id='line_1_10' title="bbox 153 1551 1101 1640; baseline 0.004 -21"><span class='ocrx_word' id='word_1_58' title='bbox 153 1557 326 1640; x_wconf 83' lang='lat' dir='ltr'>linquens,</span> <span class='ocrx_word' id='word_1_59' title='bbox 344 1551 509 1621; x_wconf 89' lang='lat' dir='ltr'>¹Romam</span> <span class='ocrx_word' id='word_1_60' title='bbox 528 1559 641 1638; x_wconf 90' lang='lat' dir='ltr'>petiit,</span> <span class='ocrx_word' id='word_1_61' title='bbox 659 1565 698 1621; x_wconf 92' lang='lat' dir='ltr'>ut</span> <span class='ocrx_word' id='word_1_62' title='bbox 715 1576 778 1638; x_wconf 90' lang='lat' dir='ltr'>pro</span> <span class='ocrx_word' id='word_1_63' title='bbox 795 1577 902 1638; x_wconf 83' lang='lat' dir='ltr'>regno</span> <span class='ocrx_word' id='word_1_64' title='bbox 919 1559 1101 1640; x_wconf 90' lang='lat' dir='ltr'>temporali</span> 
     </span>
     <span class='ocr_line' id='line_1_11' title="bbox 152 1654 1101 1740; baseline 0.004 -22"><span class='ocrx_word' id='word_1_65' title='bbox 152 1663 382 1719; x_wconf 89' lang='lat' dir='ltr'>commutaret</span> <span class='ocrx_word' id='word_1_66' title='bbox 410 1664 589 1720; x_wconf 85' lang='lat' dir='ltr'>aeternum.</span> <span class='ocrx_word' id='word_1_67' title='bbox 655 1654 735 1733; x_wconf 87' lang='lat' dir='ltr'>Quo</span> <span class='ocrx_word' id='word_1_68' title='bbox 766 1675 843 1719; x_wconf 90' lang='lat' dir='ltr'>cum</span> <span class='ocrx_word' id='word_1_69' title='bbox 874 1659 1101 1740; x_wconf 82' lang='lat' dir='ltr'>pervenisset,</span> 
     </span>
     <span class='ocr_line' id='line_1_12' title="bbox 153 1753 1102 1830; baseline 0.004 -13"><span class='ocrx_word' id='word_1_70' title='bbox 153 1753 235 1817; x_wconf 88' lang='lat' dir='ltr'>fecit</span> <span class='ocrx_word' id='word_1_71' title='bbox 260 1756 296 1817; x_wconf 96' lang='lat' dir='ltr'>in</span> <span class='ocrx_word' id='word_1_72' title='bbox 325 1755 466 1818; x_wconf 88' lang='lat' dir='ltr'>civitate</span> <span class='ocrx_word' id='word_1_73' title='bbox 489 1755 640 1830; x_wconf 90' lang='lat' dir='ltr'>domum,</span> <span class='ocrx_word' id='word_1_74' title='bbox 666 1774 836 1819; x_wconf 91' lang='lat' dir='ltr'>consensu</span> <span class='ocrx_word' id='word_1_75' title='bbox 862 1765 899 1820; x_wconf 90' lang='lat' dir='ltr'>et</span> <span class='ocrx_word' id='word_1_76' title='bbox 921 1758 1102 1821; x_wconf 84' lang='lat' dir='ltr'>voluntate</span> 
     </span>
     <span class='ocr_line' id='line_1_13' title="bbox 154 1847 1101 1937; baseline 0.001 -20"><span class='ocrx_word' id='word_1_77' title='bbox 154 1852 315 1935; x_wconf 80' lang='lat' dir='ltr'>Gregorii</span> <span class='ocrx_word' id='word_1_78' title='bbox 325 1847 754 1936; x_wconf 85' lang='lat' dir='ltr'>papae,quam²‘scholarn</span> <span class='ocrx_word' id='word_1_79' title='bbox 763 1853 1101 1937; x_wconf 86' lang='lat' dir='ltr'>Anglorum&#39;appel·</span> 
     </span>
     <span class='ocr_line' id='line_1_14' title="bbox 152 1947 1102 2035; baseline 0.003 -20"><span class='ocrx_word' id='word_1_80' title='bbox 152 1953 218 2015; x_wconf 91' lang='lat' dir='ltr'>lari</span> <span class='ocrx_word' id='word_1_81' title='bbox 235 1952 327 2017; x_wconf 83' lang='lat' dir='ltr'>iecit.</span> <span class='ocrx_word' id='word_1_82' title='bbox 366 1947 437 2017; x_wconf 81' lang='lat' dir='ltr'>³Ad</span> <span class='ocrx_word' id='word_1_83' title='bbox 450 1952 540 2017; x_wconf 90' lang='lat' dir='ltr'>hanc</span> <span class='ocrx_word' id='word_1_84' title='bbox 555 1960 672 2016; x_wconf 90' lang='lat' dir='ltr'>autem</span> <span class='ocrx_word' id='word_1_85' title='bbox 689 1973 767 2017; x_wconf 88' lang='lat' dir='ltr'>curn</span> <span class='ocrx_word' id='word_1_86' title='bbox 783 1974 883 2035; x_wconf 79' lang='lat' dir='ltr'>reges</span> <span class='ocrx_word' id='word_1_87' title='bbox 898 1953 1049 2035; x_wconf 85' lang='lat' dir='ltr'>Angliae‚</span> <span class='ocrx_word' id='word_1_88' title='bbox 1067 1963 1102 2018; x_wconf 91' lang='lat' dir='ltr'>et</span> 
     </span>
     <span class='ocr_line' id='line_1_15' title="bbox 155 2051 1101 2137; baseline 0.004 -24"><span class='ocrx_word' id='word_1_89' title='bbox 155 2071 265 2132; x_wconf 84' lang='lat' dir='ltr'>genus</span> <span class='ocrx_word' id='word_1_90' title='bbox 287 2052 421 2133; x_wconf 80' lang='lat' dir='ltr'>regium</span> <span class='ocrx_word' id='word_1_91' title='bbox 443 2071 522 2115; x_wconf 90' lang='lat' dir='ltr'>cum</span> <span class='ocrx_word' id='word_1_92' title='bbox 536 2051 718 2134; x_wconf 83' lang='lat' dir='ltr'>episcopis,</span> <span class='ocrx_word' id='word_1_93' title='bbox 741 2054 965 2137; x_wconf 86' lang='lat' dir='ltr'>preshyteris,</span> <span class='ocrx_word' id='word_1_94' title='bbox 981 2061 1016 2117; x_wconf 92' lang='lat' dir='ltr'>et</span> <span class='ocrx_word' id='word_1_95' title='bbox 1033 2053 1101 2117; x_wconf 89' lang='lat' dir='ltr'>cle-</span> 
     </span>
     <span class='ocr_line' id='line_1_16' title="bbox 154 2150 1102 2228; baseline 0.002 -15"><span class='ocrx_word' id='word_1_96' title='bbox 154 2151 245 2228; x_wconf 86' lang='lat' dir='ltr'>ricis,</span> <span class='ocrx_word' id='word_1_97' title='bbox 263 2152 300 2213; x_wconf 94' lang='lat' dir='ltr'>in</span> <span class='ocrx_word' id='word_1_98' title='bbox 314 2151 472 2214; x_wconf 89' lang='lat' dir='ltr'>doctrina</span> <span class='ocrx_word' id='word_1_99' title='bbox 490 2159 525 2215; x_wconf 90' lang='lat' dir='ltr'>et</span> <span class='ocrx_word' id='word_1_100' title='bbox 539 2150 606 2214; x_wconf 88' lang='lat' dir='ltr'>fide</span> <span class='ocrx_word' id='word_1_101' title='bbox 621 2150 792 2214; x_wconf 91' lang='lat' dir='ltr'>catholica</span> <span class='ocrx_word' id='word_1_102' title='bbox 814 2151 990 2215; x_wconf 89' lang='lat' dir='ltr'>erudiendi</span> <span class='ocrx_word' id='word_1_103' title='bbox 1006 2152 1102 2215; x_wconf 85' lang='lat' dir='ltr'>veni·</span> 
     </span>
     <span class='ocr_line' id='line_1_17' title="bbox 153 2249 1102 2332; baseline 0.002 -20"><span class='ocrx_word' id='word_1_104' title='bbox 153 2256 241 2327; x_wconf 90' lang='lat' dir='ltr'>rent,</span> <span class='ocrx_word' id='word_1_105' title='bbox 271 2249 422 2332; x_wconf 89' lang='lat' dir='ltr'>nequid</span> <span class='ocrx_word' id='word_1_106' title='bbox 448 2250 486 2313; x_wconf 90' lang='lat' dir='ltr'>in</span> <span class='ocrx_word' id='word_1_107' title='bbox 510 2249 656 2314; x_wconf 87' lang='lat' dir='ltr'>ecclesia</span> <span class='ocrx_word' id='word_1_108' title='bbox 681 2249 879 2330; x_wconf 79' lang='lat' dir='ltr'>Anglicana</span> <span class='ocrx_word' id='word_1_109' title='bbox 912 2250 1102 2327; x_wconf 83' lang='lat' dir='ltr'>sinistrum,</span> 
     </span>
     <span class='ocr_line' id='line_1_18' title="bbox 137 2342 1103 2427; baseline 0.002 -16"><span class='ocrx_word' id='word_1_110' title='bbox 137 2342 215 2411; x_wconf 82' lang='lat' dir='ltr'>&#39;aut</span> <span class='ocrx_word' id='word_1_111' title='bbox 238 2348 418 2413; x_wconf 84' lang='lat' dir='ltr'>catholicae</span> <span class='ocrx_word' id='word_1_112' title='bbox 447 2348 573 2412; x_wconf 89' lang='lat' dir='ltr'>unitati</span> <span class='ocrx_word' id='word_1_113' title='bbox 603 2349 813 2412; x_wconf 90' lang='lat' dir='ltr'>contrarium</span> <span class='ocrx_word' id='word_1_114' title='bbox 844 2349 1036 2427; x_wconf 84' lang='lat' dir='ltr'>doceretur,</span> <span class='ocrx_word' id='word_1_115' title='bbox 1066 2357 1103 2414; x_wconf 91' lang='lat' dir='ltr'>et</span> 
     </span>
     <span class='ocr_line' id='line_1_19' title="bbox 153 2446 1101 2529; baseline 0.003 -19"><span class='ocrx_word' id='word_1_116' title='bbox 153 2448 216 2524; x_wconf 83' lang='lat' dir='ltr'>aio,</span> <span class='ocrx_word' id='word_1_117' title='bbox 233 2448 270 2511; x_wconf 92' lang='lat' dir='ltr'>in</span> <span class='ocrx_word' id='word_1_118' title='bbox 287 2447 354 2511; x_wconf 88' lang='lat' dir='ltr'>fide</span> <span class='ocrx_word' id='word_1_119' title='bbox 371 2446 488 2511; x_wconf 83' lang='lat' dir='ltr'>stabili</span> <span class='ocrx_word' id='word_1_120' title='bbox 503 2447 668 2524; x_wconf 89' lang='lat' dir='ltr'>roborati,</span> <span class='ocrx_word' id='word_1_121' title='bbox 685 2447 729 2511; x_wconf 95' lang='lat' dir='ltr'>ad</span> <span class='ocrx_word' id='word_1_122' title='bbox 743 2449 883 2529; x_wconf 90' lang='lat' dir='ltr'>propria</span> <span class='ocrx_word' id='word_1_123' title='bbox 898 2457 1101 2513; x_wconf 80' lang='lat' dir='ltr'>remearent.</span> 
     </span>
     <span class='ocr_line' id='line_1_20' title="bbox 153 2545 1103 2628; baseline 0.002 -20"><span class='ocrx_word' id='word_1_124' title='bbox 153 2545 264 2610; x_wconf 89' lang='lat' dir='ltr'>Erant</span> <span class='ocrx_word' id='word_1_125' title='bbox 281 2548 371 2610; x_wconf 90' lang='lat' dir='ltr'>enim</span> <span class='ocrx_word' id='word_1_126' title='bbox 395 2546 554 2610; x_wconf 91' lang='lat' dir='ltr'>doctrina</span> <span class='ocrx_word' id='word_1_127' title='bbox 571 2554 606 2610; x_wconf 93' lang='lat' dir='ltr'>et</span> <span class='ocrx_word' id='word_1_128' title='bbox 621 2546 749 2610; x_wconf 86' lang='lat' dir='ltr'>scholae</span> <span class='ocrx_word' id='word_1_129' title='bbox 766 2546 961 2628; x_wconf 87' lang='lat' dir='ltr'>Anglorum</span> <span class='ocrx_word' id='word_1_130' title='bbox 977 2566 999 2610; x_wconf 89' lang='lat' dir='ltr'>a</span> <span class='ocrx_word' id='word_1_131' title='bbox 1016 2555 1103 2613; x_wconf 89' lang='lat' dir='ltr'>tem·</span> 
     </span>
     <span class='ocr_line' id='line_1_21' title="bbox 152 2643 1103 2728; baseline 0.002 -20"><span class='ocrx_word' id='word_1_132' title='bbox 152 2646 293 2726; x_wconf 88' lang='lat' dir='ltr'>poribus</span> <span class='ocrx_word' id='word_1_133' title='bbox 310 2645 423 2708; x_wconf 85' lang='lat' dir='ltr'>sancti</span> <span class='ocrx_word' id='word_1_134' title='bbox 440 2643 630 2727; x_wconf 82' lang='lat' dir='ltr'>Augustini</span> <span class='ocrx_word' id='word_1_135' title='bbox 650 2665 712 2727; x_wconf 89' lang='lat' dir='ltr'>per</span> <span class='ocrx_word' id='word_1_136' title='bbox 730 2644 908 2710; x_wconf 90' lang='lat' dir='ltr'>Romanos</span> <span class='ocrx_word' id='word_1_137' title='bbox 922 2647 1103 2728; x_wconf 87' lang='lat' dir='ltr'>pontifices</span> 
     </span>
     <span class='ocr_line' id='line_1_22' title="bbox 152 2743 1103 2828; baseline 0.003 -21"><span class='ocrx_word' id='word_1_138' title='bbox 152 2743 345 2808; x_wconf 81' lang='lat' dir='ltr'>interdictae</span> <span class='ocrx_word' id='word_1_139' title='bbox 362 2752 504 2827; x_wconf 91' lang='lat' dir='ltr'>propter</span> <span class='ocrx_word' id='word_1_140' title='bbox 524 2744 681 2808; x_wconf 83' lang='lat' dir='ltr'>assiduas</span> <span class='ocrx_word' id='word_1_141' title='bbox 704 2744 864 2822; x_wconf 76' lang='lat' dir='ltr'>haeresen,</span> <span class='ocrx_word' id='word_1_142' title='bbox 881 2765 960 2828; x_wconf 86' lang='lat' dir='ltr'>quae</span> <span class='ocrx_word' id='word_1_143' title='bbox 981 2747 1019 2810; x_wconf 95' lang='lat' dir='ltr'>in</span> <span class='ocrx_word' id='word_1_144' title='bbox 1041 2746 1103 2810; x_wconf 91' lang='lat' dir='ltr'>ad-</span> 
     </span>
     <span class='ocr_line' id='line_1_23' title="bbox 151 2841 1101 2924; baseline 0.001 -17"><span class='ocrx_word' id='word_1_145' title='bbox 151 2850 259 2908; x_wconf 90' lang='lat' dir='ltr'>ventu</span> <span class='ocrx_word' id='word_1_146' title='bbox 282 2841 477 2924; x_wconf 78' lang='lat' dir='ltr'>Anglorum</span> <span class='ocrx_word' id='word_1_147' title='bbox 500 2845 536 2906; x_wconf 94' lang='lat' dir='ltr'>in</span> <span class='ocrx_word' id='word_1_148' title='bbox 563 2843 747 2907; x_wconf 85' lang='lat' dir='ltr'>Britannia</span> <span class='ocrx_word' id='word_1_149' title='bbox 773 2853 995 2921; x_wconf 85' lang='lat' dir='ltr'>emerserunt,</span> <span class='ocrx_word' id='word_1_150' title='bbox 1020 2845 1101 2908; x_wconf 90' lang='lat' dir='ltr'>dum</span> 
     </span>
     <span class='ocr_line' id='line_1_24' title="bbox 150 2941 1102 3025; baseline 0.003 -21"><span class='ocrx_word' id='word_1_151' title='bbox 150 2943 280 3025; x_wconf 77' lang='lat' dir='ltr'>pagani</span> <span class='ocrx_word' id='word_1_152' title='bbox 300 2941 506 3006; x_wconf 83' lang='lat' dir='ltr'>Christianis</span> <span class='ocrx_word' id='word_1_153' title='bbox 529 2941 693 3024; x_wconf 84' lang='lat' dir='ltr'>permixti</span> <span class='ocrx_word' id='word_1_154' title='bbox 715 2951 846 3006; x_wconf 85' lang='lat' dir='ltr'>sanctae</span> <span class='ocrx_word' id='word_1_155' title='bbox 868 2945 1102 3008; x_wconf 86' lang='lat' dir='ltr'>conversatio·</span> 
     </span>
     <span class='ocr_line' id='line_1_25' title="bbox 150 3040 1103 3124; baseline 0.003 -21"><span class='ocrx_word' id='word_1_156' title='bbox 150 3040 204 3104; x_wconf 85' lang='lat' dir='ltr'>nis</span> <span class='ocrx_word' id='word_1_157' title='bbox 222 3042 371 3122; x_wconf 79' lang='lat' dir='ltr'>gratiam</span> <span class='ocrx_word' id='word_1_158' title='bbox 394 3050 620 3124; x_wconf 89' lang='lat' dir='ltr'>corruperant</span> <span class='ocrx_word' id='word_1_159' title='bbox 634 3040 713 3105; x_wconf 85' lang='lat' dir='ltr'>fidei</span> <span class='ocrx_word' id='word_1_160' title='bbox 731 3040 949 3106; x_wconf 86' lang='lat' dir='ltr'>Christianae.</span> <span class='ocrx_word' id='word_1_161' title='bbox 1003 3042 1103 3106; x_wconf 89' lang='lat' dir='ltr'>Fecit</span> 
     </span>
     <span class='ocr_line' id='line_1_26' title="bbox 148 3139 1205 3224; baseline -0.002 -21"><span class='ocrx_word' id='word_1_162' title='bbox 148 3148 334 3222; x_wconf 90' lang='lat' dir='ltr'>propterea</span> <span class='ocrx_word' id='word_1_163' title='bbox 356 3141 463 3224; x_wconf 82' lang='lat' dir='ltr'>Juxta</span> <span class='ocrx_word' id='word_1_164' title='bbox 484 3140 624 3204; x_wconf 83' lang='lat' dir='ltr'>domum</span> <span class='ocrx_word' id='word_1_165' title='bbox 651 3140 833 3222; x_wconf 85' lang='lat' dir='ltr'>praefatam</span> <span class='ocrx_word' id='word_1_166' title='bbox 862 3139 1043 3204; x_wconf 87' lang='lat' dir='ltr'>ecclesiam</span> <span class='ocrx_word' id='word_1_167' title='bbox 1065 3141 1102 3203; x_wconf 92' lang='lat' dir='ltr'>in</span> <span class='ocrx_word' id='word_1_168' title='bbox 1114 3161 1205 3202; x_wconf 69' lang='lat' dir='ltr'>aunan</span> 
     </span>
     <span class='ocr_line' id='line_1_27' title="bbox 149 3212 1265 3321; baseline 0.002 -21"><span class='ocrx_word' id='word_1_169' title='bbox 149 3238 312 3303; x_wconf 88' lang='lat' dir='ltr'>honorem</span> <span class='ocrx_word' id='word_1_170' title='bbox 336 3239 448 3303; x_wconf 87' lang='lat' dir='ltr'>heatae</span> <span class='ocrx_word' id='word_1_171' title='bbox 470 3240 615 3321; x_wconf 83' lang='lat' dir='ltr'>virginis</span> <span class='ocrx_word' id='word_1_172' title='bbox 640 3239 763 3303; x_wconf 86' lang='lat' dir='ltr'>Mariae</span> <span class='ocrx_word' id='word_1_173' title='bbox 787 3238 960 3315; x_wconf 88' lang='lat' dir='ltr'>fabricari,</span> <span class='ocrx_word' id='word_1_174' title='bbox 977 3238 1014 3302; x_wconf 94' lang='lat' dir='ltr'>in</span> <span class='ocrx_word' id='word_1_175' title='bbox 1032 3212 1265 3321; x_wconf 57' lang='lat' dir='ltr'>qua‘hmm&#39;</span> 
     </span>
     <span class='ocr_line' id='line_1_28' title="bbox 149 3335 1100 3419; baseline -0.001 -19"><span class='ocrx_word' id='word_1_176' title='bbox 149 3335 275 3419; x_wconf 82' lang='lat' dir='ltr'>Anglis</span> <span class='ocrx_word' id='word_1_177' title='bbox 291 3337 440 3402; x_wconf 90' lang='lat' dir='ltr'>Romam</span> <span class='ocrx_word' id='word_1_178' title='bbox 463 3338 725 3403; x_wconf 87' lang='lat' dir='ltr'>advenientibus</span> <span class='ocrx_word' id='word_1_179' title='bbox 747 3336 865 3399; x_wconf 84' lang='lat' dir='ltr'>divina</span> <span class='ocrx_word' id='word_1_180' title='bbox 887 3336 1100 3400; x_wconf 89' lang='lat' dir='ltr'>celebraren-</span> 
     </span>
    </p>
   </div>
   <div class='ocr_carea' id='block_1_7' title="bbox 149 3434 1101 3519">
    <p class='ocr_par' dir='ltr' id='par_1_7' title="bbox 149 3434 1101 3519">
     <span class='ocr_line' id='line_1_29' title="bbox 149 3434 1101 3519; baseline -0.003 -18"><span class='ocrx_word' id='word_1_181' title='bbox 149 3445 207 3501; x_wconf 89' lang='lat' dir='ltr'>tur</span> <span class='ocrx_word' id='word_1_182' title='bbox 219 3438 396 3519; x_wconf 85' lang='lat' dir='ltr'>mysteria‚</span> <span class='ocrx_word' id='word_1_183' title='bbox 411 3446 446 3501; x_wconf 90' lang='lat' dir='ltr'>et</span> <span class='ocrx_word' id='word_1_184' title='bbox 461 3439 580 3518; x_wconf 92' lang='lat' dir='ltr'>inqua</span> <span class='ocrx_word' id='word_1_185' title='bbox 594 3443 748 3517; x_wconf 88' lang='lat' dir='ltr'>possent,</span> <span class='ocrx_word' id='word_1_186' title='bbox 757 3434 788 3497; x_wconf 88' lang='lat' dir='ltr'>si</span> <span class='ocrx_word' id='word_1_187' title='bbox 799 3455 901 3516; x_wconf 89' lang='lat' dir='ltr'>quem</span> <span class='ocrx_word' id='word_1_188' title='bbox 918 3455 961 3498; x_wconf 85' lang='lat' dir='ltr'>ex</span> <span class='ocrx_word' id='word_1_189' title='bbox 973 3435 1101 3517; x_wconf 78' lang='lat' dir='ltr'>Anglis</span> 
     </span>
    </p>
   </div>
   <div class='ocr_carea' id='block_1_8' title="bbox 147 3634 1102 4252">
    <p class='ocr_par' dir='ltr' id='par_1_8' title="bbox 147 3634 1102 4252">
     <span class='ocr_line' id='line_1_30' title="bbox 185 3634 1102 3700; baseline 0.001 -15"><span class='ocrx_word' id='word_1_190' title='bbox 185 3638 192 3668; x_wconf 91' lang='lat'>¹</span> <span class='ocrx_word' id='word_1_191' title='bbox 205 3636 307 3685; x_wconf 73' lang='grc' dir='ltr'>Εωιιω</span> <span class='ocrx_word' id='word_1_192' title='bbox 315 3636 411 3700; x_wconf 75' lang='lat' dir='ltr'>petiit]</span> <span class='ocrx_word' id='word_1_193' title='bbox 428 3636 549 3685; x_wconf 86' lang='lat' dir='ltr'>Florence</span> <span class='ocrx_word' id='word_1_194' title='bbox 559 3636 610 3685; x_wconf 85' lang='lat' dir='ltr'>and</span> <span class='ocrx_word' id='word_1_195' title='bbox 635 3635 670 3695; x_wconf 81' lang='lat' dir='ltr'>by</span> <span class='ocrx_word' id='word_1_196' title='bbox 681 3635 757 3695; x_wconf 59' lang='lat' dir='ltr'>olim</span> <span class='ocrx_word' id='word_1_197' title='bbox 768 3635 815 3683; x_wconf 90' lang='lat' dir='ltr'>bnt</span> <span class='ocrx_word' id='word_1_198' title='bbox 825 3634 944 3697; x_wconf 75' lang='lat' dir='ltr'>spelman</span> <span class='ocrx_word' id='word_1_199' title='bbox 953 3636 1038 3686; x_wconf 82' lang='lat' dir='ltr'>ehowe</span> <span class='ocrx_word' id='word_1_200' title='bbox 1046 3636 1102 3686; x_wconf 86' lang='lat' dir='ltr'>that</span> 
     </span>
     <span class='ocr_line' id='line_1_31' title="bbox 147 3703 1102 3766; baseline -0.001 -10"><span class='ocrx_word' id='word_1_201' title='bbox 147 3706 191 3756; x_wconf 85' lang='lat' dir='ltr'>the</span> <span class='ocrx_word' id='word_1_202' title='bbox 208 3706 294 3755; x_wconf 75' lang='lat' dir='ltr'>Saron</span> <span class='ocrx_word' id='word_1_203' title='bbox 311 3705 444 3755; x_wconf 84' lang='lat' dir='ltr'>Chroniole</span> <span class='ocrx_word' id='word_1_204' title='bbox 460 3706 532 3766; x_wconf 84' lang='lat' dir='ltr'>place</span> <span class='ocrx_word' id='word_1_205' title='bbox 547 3705 610 3753; x_wconf 82' lang='lat' dir='ltr'>lni’e</span> <span class='ocrx_word' id='word_1_206' title='bbox 635 3703 678 3753; x_wconf 90' lang='lat' dir='ltr'>the</span> <span class='ocrx_word' id='word_1_207' title='bbox 697 3704 783 3754; x_wconf 86' lang='lat' dir='ltr'>eohool</span> <span class='ocrx_word' id='word_1_208' title='bbox 799 3718 854 3753; x_wconf 79' lang='lat' dir='ltr'>was</span> <span class='ocrx_word' id='word_1_209' title='bbox 877 3706 903 3754; x_wconf 91' lang='lat' dir='ltr'>in</span> <span class='ocrx_word' id='word_1_210' title='bbox 924 3707 1052 3755; x_wconf 76' lang='lat' dir='ltr'>existence</span> <span class='ocrx_word' id='word_1_211' title='bbox 1073 3712 1102 3755; x_wconf 83' lang='lat' dir='ltr'>at</span> 
     </span>
     <span class='ocr_line' id='line_1_32' title="bbox 148 3772 1101 3837; baseline 0 -13"><span class='ocrx_word' id='word_1_212' title='bbox 148 3776 209 3824; x_wconf 80' lang='lat' dir='ltr'>vieit</span> <span class='ocrx_word' id='word_1_213' title='bbox 227 3779 253 3824; x_wconf 88' lang='lat' dir='ltr'>to</span> <span class='ocrx_word' id='word_1_214' title='bbox 273 3775 352 3824; x_wconf 84' lang='lat' dir='ltr'>Rome</span> <span class='ocrx_word' id='word_1_215' title='bbox 371 3776 397 3823; x_wconf 91' lang='lat' dir='ltr'>in</span> <span class='ocrx_word' id='word_1_216' title='bbox 419 3774 462 3823; x_wconf 86' lang='lat' dir='ltr'>the</span> <span class='ocrx_word' id='word_1_217' title='bbox 480 3774 610 3837; x_wconf 76' lang='lat' dir='ltr'>following</span> <span class='ocrx_word' id='word_1_218' title='bbox 636 3773 715 3822; x_wconf 87' lang='lat' dir='ltr'>Rome</span> <span class='ocrx_word' id='word_1_219' title='bbox 726 3772 801 3823; x_wconf 81' lang='lat' dir='ltr'>when</span> <span class='ocrx_word' id='word_1_220' title='bbox 819 3773 879 3823; x_wconf 77' lang='lat' dir='ltr'>ona</span> <span class='ocrx_word' id='word_1_221' title='bbox 895 3775 994 3825; x_wconf 81' lang='lat' dir='ltr'>arrived</span> <span class='ocrx_word' id='word_1_222' title='bbox 1013 3775 1101 3836; x_wconf 86' lang='lat' dir='ltr'>there;</span> 
     </span>
     <span class='ocr_line' id='line_1_33' title="bbox 148 3842 1101 3907; baseline 0 -14"><span class='ocrx_word' id='word_1_223' title='bbox 148 3858 227 3906; x_wconf 68' lang='grc' dir='ltr'>γους</span> <span class='ocrx_word' id='word_1_224' title='bbox 243 3844 290 3892; x_wconf 90' lang='lat' dir='ltr'>but</span> <span class='ocrx_word' id='word_1_225' title='bbox 310 3845 331 3891; x_wconf 86' lang='lat' dir='ltr'>it</span> <span class='ocrx_word' id='word_1_226' title='bbox 348 3844 472 3904; x_wconf 83' lang='lat' dir='ltr'>probably</span> <span class='ocrx_word' id='word_1_227' title='bbox 489 3842 611 3892; x_wconf 85' lang='lat' dir='ltr'>occurred</span> <span class='ocrx_word' id='word_1_228' title='bbox 636 3842 733 3892; x_wconf 85' lang='lat' dir='ltr'>Concil.</span> <span class='ocrx_word' id='word_1_229' title='bbox 756 3858 800 3905; x_wconf 92' lang='lat' dir='ltr'>pp.</span> <span class='ocrx_word' id='word_1_230' title='bbox 821 3846 880 3903; x_wconf 74' lang='lat' dir='ltr'>aad,</span> <span class='ocrx_word' id='word_1_231' title='bbox 897 3858 946 3907; x_wconf 75' lang='lat' dir='ltr'>req.</span> <span class='ocrx_word' id='word_1_232' title='bbox 982 3844 1030 3894; x_wconf 86' lang='lat' dir='ltr'>See</span> <span class='ocrx_word' id='word_1_233' title='bbox 1045 3845 1101 3894; x_wconf 82' lang='lat' dir='ltr'>aleo</span> 
     </span>
     <span class='ocr_line' id='line_1_34' title="bbox 148 3911 1101 3975; baseline 0.001 -13"><span class='ocrx_word' id='word_1_234' title='bbox 148 3919 176 3962; x_wconf 84' lang='lat' dir='ltr'>at</span> <span class='ocrx_word' id='word_1_235' title='bbox 186 3927 215 3962; x_wconf 88' lang='lat' dir='ltr'>or</span> <span class='ocrx_word' id='word_1_236' title='bbox 225 3912 321 3973; x_wconf 77' lang='lat' dir='ltr'>ehorssy</span> <span class='ocrx_word' id='word_1_237' title='bbox 331 3911 416 3961; x_wconf 79' lang='lat' dir='ltr'>before</span> <span class='ocrx_word' id='word_1_238' title='bbox 427 3912 478 3961; x_wconf 82' lang='lat' dir='ltr'>thie</span> <span class='ocrx_word' id='word_1_239' title='bbox 488 3913 557 3960; x_wconf 86' lang='lat' dir='ltr'>time.</span> <span class='ocrx_word' id='word_1_240' title='bbox 636 3912 756 3962; x_wconf 81' lang='lat' dir='ltr'>Malmeb.</span> <span class='ocrx_word' id='word_1_241' title='bbox 767 3927 793 3973; x_wconf 90' lang='lat' dir='ltr'>p.</span> <span class='ocrx_word' id='word_1_242' title='bbox 808 3915 864 3975; x_wconf 76' lang='lat' dir='ltr'>loa,</span> <span class='ocrx_word' id='word_1_243' title='bbox 879 3917 934 3962; x_wconf 78' lang='lat' dir='ltr'>note</span> <span class='ocrx_word' id='word_1_244' title='bbox 944 3912 964 3975; x_wconf 90' lang='lat'>⁴,</span> <span class='ocrx_word' id='word_1_245' title='bbox 975 3912 1025 3962; x_wconf 85' lang='lat' dir='ltr'>and</span> <span class='ocrx_word' id='word_1_246' title='bbox 1043 3915 1101 3963; x_wconf 88' lang='lat' dir='ltr'>Ma-</span> 
     </span>
     <span class='ocr_line' id='line_1_35' title="bbox 184 3979 942 4045; baseline 0 -14"><span class='ocrx_word' id='word_1_247' title='bbox 184 3979 317 4031; x_wconf 67' lang='lat' dir='ltr'>’mooun</span> <span class='ocrx_word' id='word_1_248' title='bbox 327 3980 487 4045; x_wconf 62' lang='lat' dir='ltr'>Auginum]</span> <span class='ocrx_word' id='word_1_249' title='bbox 505 3980 612 4029; x_wconf 83' lang='lat' dir='ltr'>hialrne-</span> <span class='ocrx_word' id='word_1_250' title='bbox 636 3981 724 4042; x_wconf 92' lang='lat' dir='ltr'>billon,</span> <span class='ocrx_word' id='word_1_251' title='bbox 735 3981 828 4031; x_wconf 81' lang='lat' dir='ltr'>Annal.</span> <span class='ocrx_word' id='word_1_252' title='bbox 840 3982 867 4031; x_wconf 91' lang='lat' dir='ltr'>ii.</span> <span class='ocrx_word' id='word_1_253' title='bbox 879 3997 905 4044; x_wconf 89' lang='lat' dir='ltr'>p.</span> <span class='ocrx_word' id='word_1_254' title='bbox 917 3986 942 4031; x_wconf 75' lang='lat' dir='ltr'>a.</span> 
     </span>
     <span class='ocr_line' id='line_1_36' title="bbox 148 4045 612 4113; baseline -0.002 -12"><span class='ocrx_word' id='word_1_255' title='bbox 148 4051 213 4113; x_wconf 79' lang='lat' dir='ltr'>bury</span> <span class='ocrx_word' id='word_1_256' title='bbox 224 4055 303 4100; x_wconf 78' lang='lat' dir='ltr'>etatae</span> <span class='ocrx_word' id='word_1_257' title='bbox 308 4050 364 4099; x_wconf 90' lang='lat' dir='ltr'>that</span> <span class='ocrx_word' id='word_1_258' title='bbox 372 4050 422 4099; x_wconf 82' lang='lat' dir='ltr'>thie</span> <span class='ocrx_word' id='word_1_259' title='bbox 430 4052 439 4079; x_wconf 88' lang='lat'><em>‘</em></span> <span class='ocrx_word' id='word_1_260' title='bbox 447 4045 547 4100; x_wconf 83' lang='lat' dir='ltr'>eehola’</span> <span class='ocrx_word' id='word_1_261' title='bbox 556 4064 612 4100; x_wconf 79' lang='lat' dir='ltr'>was</span> 
     </span>
     <span class='ocr_line' id='line_1_37' title="bbox 149 4116 1102 4183; baseline -0.002 -13"><span class='ocrx_word' id='word_1_262' title='bbox 149 4120 206 4170; x_wconf 78' lang='lat' dir='ltr'>naid</span> <span class='ocrx_word' id='word_1_263' title='bbox 218 4124 244 4169; x_wconf 91' lang='lat' dir='ltr'>to</span> <span class='ocrx_word' id='word_1_264' title='bbox 255 4120 320 4170; x_wconf 78' lang='lat' dir='ltr'>have</span> <span class='ocrx_word' id='word_1_265' title='bbox 335 4121 399 4170; x_wconf 88' lang='lat' dir='ltr'>been</span> <span class='ocrx_word' id='word_1_266' title='bbox 409 4119 521 4169; x_wconf 82' lang='lat' dir='ltr'>founded</span> <span class='ocrx_word' id='word_1_267' title='bbox 533 4119 558 4167; x_wconf 95' lang='lat' dir='ltr'>in</span> <span class='ocrx_word' id='word_1_268' title='bbox 571 4119 612 4168; x_wconf 88' lang='lat' dir='ltr'>the</span> <span class='ocrx_word' id='word_1_269' title='bbox 675 4116 735 4168; x_wconf 74' lang='lat' dir='ltr'>’Aa</span> <span class='ocrx_word' id='word_1_270' title='bbox 746 4120 806 4168; x_wconf 77' lang='lat' dir='ltr'>hene</span> <span class='ocrx_word' id='word_1_271' title='bbox 818 4124 897 4169; x_wconf 76' lang='lat' dir='ltr'>nutem</span> <span class='ocrx_word' id='word_1_272' title='bbox 909 4120 983 4183; x_wconf 78' lang='lat' dir='ltr'>cam,]</span> <span class='ocrx_word' id='word_1_273' title='bbox 995 4119 1102 4181; x_wconf 79' lang='lat' dir='ltr'>scillcet,</span> 
     </span>
     <span class='ocr_line' id='line_1_38' title="bbox 148 4188 795 4252; baseline -0.002 -13"><span class='ocrx_word' id='word_1_274' title='bbox 148 4191 202 4240; x_wconf 82' lang='lat' dir='ltr'>iret</span> <span class='ocrx_word' id='word_1_275' title='bbox 212 4191 349 4252; x_wconf 82' lang='lat' dir='ltr'>inetance‚‘</span> <span class='ocrx_word' id='word_1_276' title='bbox 358 4189 614 4252; x_wconf 82' lang='lat' dir='ltr'>primilueinetituta,’</span> <span class='ocrx_word' id='word_1_277' title='bbox 638 4188 687 4238; x_wconf 85' lang='lat' dir='ltr'>‘nd</span> <span class='ocrx_word' id='word_1_278' title='bbox 700 4190 795 4249; x_wconf 69' lang='lat' dir='ltr'>quam!</span> 
     </span>
    </p>
   </div>
   <div class='ocr_carea' id='block_1_9' title="bbox 0 0 1504 5004">
    <p class='ocr_par' dir='ltr' id='par_1_9' title="bbox 0 0 1504 5004">
     <span class='ocr_line' id='line_1_39' title="bbox 0 0 1504 5004; baseline 0 2"><span class='ocrx_word' id='word_1_279' title='bbox 0 0 1504 5004; x_wconf 95' lang='lat' dir='ltr'> </span> 
     </span>
    </p>
   </div>
  </div>
 </body>
</html>
