3000 5004
343 424 409 490 230
598 438 731 487 roenru
760 440 807 486 nr
832 437 1037 486 wrunovnu

347 599 428 672 isto,
459 613 560 676 quem
590 594 719 657 dudum
749 593 812 657 tibi
839 593 1023 675 dignanter
1053 592 1213 674 elegisti;
1245 595 1301 658 sin

349 703 465 759 autem
490 693 580 757 mole
604 699 824 775 peccatorum
848 700 1046 758 nostrorum
1073 694 1304 758 exacerbatus

350 795 526 858 nobiseum
545 812 683 856 manere
701 792 865 868 nolueris,
880 811 944 856 uos
961 793 1203 857 devotissimos
1217 812 1303 857 con·

351 895 501 958 viatores
527 891 669 955 habebis
683 892 703 970 ;’
727 899 762 956 et
785 911 863 955 cum
880 892 955 975 jam
978 893 1014 955 in
1036 891 1091 954 his
1114 891 1304 975 lachrymis

351 1000 388 1056 et
410 991 618 1072 singultibus
641 999 752 1056 totum
778 989 1014 1073 explevissent
1035 991 1198 1067 triduum,
1221 1011 1304 1056 ecce

353 1090 504 1174 episcopi
529 1090 710 1154 memorati
730 1091 857 1154 adsunt
876 1097 911 1154 et
934 1089 1099 1155 mandata
1123 1091 1214 1171 regis
1236 1091 1304 1154 im-

354 1191 447 1273 plere
464 1197 645 1253 conantur.
698 1188 853 1271 Cumque
875 1190 982 1252 abbas
1003 1187 1121 1265 Medo,
1136 1189 1195 1271 qui
1217 1196 1304 1255 tunc

354 1289 599 1354 monasterium
624 1287 710 1351 illud
734 1290 887 1370 regebat,
910 1289 1149 1370 episcoporum
1173 1288 1304 1352 adven·

355 1397 427 1452 tum
442 1396 478 1452 et
494 1407 635 1452 causam
659 1388 891 1469 cognovisset,
904 1387 1104 1451 convocatis
1118 1387 1163 1450 ad
1178 1407 1215 1451 se
1229 1387 1304 1452 fra-

355 1489 465 1551 tribus
489 1487 782 1569 congregationis
803 1488 896 1549 intra
915 1486 1062 1550 vicinam
1088 1487 1181 1550 beati
1205 1484 1304 1552 Petri

356 1587 533 1650 basilicam
551 1606 588 1650 se
605 1606 683 1649 cum
706 1587 756 1650 eis
776 1585 928 1662 reclusit,
944 1586 1002 1648 ubi
1028 1585 1206 1650 solotenus
1220 1607 1305 1669 pro·

356 1686 457 1749 strati
490 1693 526 1748 et
554 1684 741 1767 lachrymis
769 1684 899 1768 perfusi
936 1685 1085 1748 orationi
1116 1686 1303 1751 vacabant.

359 1783 520 1866 Episcopi
538 1803 620 1847 vero
635 1783 799 1866 templum
816 1790 947 1848 sanetae
964 1784 1032 1847 Dei
1054 1784 1232 1865 genitricis
1249 1786 1303 1850 in-

357 1882 480 1964 gressi,
505 1889 585 1945 ante
608 1900 712 1965 quam
738 1883 783 1946 ad
808 1883 963 1947 tumbam
988 1883 1101 1947 sancti
1125 1883 1304 1949 Benedicti

358 1982 544 2055 venisseut,
572 1988 673 2045 tanta
700 1981 881 2046 formidine
903 1989 939 2046 et
963 1982 1124 2047 coecitate
1148 1985 1304 2065 percussi

358 2089 452 2156 sunt,
469 2086 510 2143 ut
525 2098 587 2143 nec
600 2079 748 2144 invicem
767 2101 806 2145 se
828 2100 1073 2162 recognoscere
1089 2082 1304 2164 potuissent3

358 2200 435 2244 eum
453 2188 569 2245 autem
589 2179 708 2243 divina
720 2180 852 2244 ultione
869 2200 906 2244 se
922 2188 1121 2245 excoecatos
1137 2200 1214 2245 esse
1227 2202 1304 2246 sen·

357 2280 497 2356 sissent,
523 2285 704 2361 coeperunt
718 2278 919 2362 palpitando
941 2299 1003 2362 per
1024 2280 1203 2344 eeclesiam
1226 2301 1305 2363 per-

355 2398 449 2460 gere,
466 2379 581 2460 quoad
596 2378 640 2442 ad
657 2377 757 2441 tunes
773 2397 1017 2461 campanarum
1029 2379 1214 2443 errabundi
1226 2400 1305 2463 per-

357 2477 552 2555 venisseut3
587 2496 675 2558 quos
700 2477 736 2540 vi
762 2495 890 2559 magna
919 2476 1108 2555 trabentes,
1135 2479 1202 2561 [sic
1236 2480 1303 2545 sibi

355 2576 523 2639 auxilium
540 2575 710 2639 advocare
726 2576 944 2641 studuerunt.
995 2576 1085 2641 Haee
1106 2577 1305 2661 audientes]

356 2675 464 2737 abbas
491 2681 526 2736 et
555 2672 692 2750 tratres,
715 2676 775 2758 qui
798 2677 833 2739 in
857 2677 1014 2740 oratione
1040 2676 1304 2756 decumbebant,

355 2773 573 2836 intraverunt
595 2773 788 2851 ecclesiam,
818 2783 923 2858 atque
953 2776 1134 2859 episcopos
1161 2775 1304 2843 invene·

356 2880 438 2935 runt
465 2873 531 2935 etsi
554 2873 639 2936 nihil
661 2873 842 2954 videntes;
874 2876 999 2957 quibus
1031 2894 1108 2939 cum
1137 2875 1304 2956 dicerent,

357 2971 472 3049 ‘Quid
499 2972 616 3053 agitis,
654 2971 685 3035 Ο
721 2974 901 3055 pontifices
910 2972 936 3038 t’
966 2974 1017 3038 illi
1053 2975 1304 3058 respondentes

357 3070 533 3146 dixerunt,
556 3070 655 3134 ‘Nos
676 3070 744 3135 huc
770 3073 950 3137 temerarie
965 3073 1135 3151 venimus,
1158 3083 1197 3138 nt
1219 3076 1304 3142 bea·

356 3178 429 3233 tum
456 3177 589 3251 patrem
616 3170 841 3235 Benedictum
862 3172 906 3236 ad
922 3172 1109 3237 vindictam
1134 3193 1305 3256 provoca-

357 3288 493 3348 remus;
517 3289 570 3333 vae
601 3271 712 3346 nobis,
731 3269 815 3351 quia
842 3272 1080 3355 peccavimus!
1132 3272 1201 3337 Sed
1225 3295 1303 3354 vos,

356 3368 446 3431 servi
474 3367 554 3446 Dei,
576 3377 673 3433 orate
692 3389 756 3452 pro
779 3370 878 3434 uobis
900 3371 1170 3454 omnipotentem
1187 3373 1303 3440 Deum

356 3474 396 3530 ut
429 3468 563 3549 aperiat
601 3469 732 3545 oculos,
763 3488 896 3551 uosque
927 3469 1027 3534 vobis
1068 3472 1303 3553 promittimus

356 3585 531 3648 nunquam
562 3566 723 3649 deinceps
762 3568 847 3631 talia
884 3571 1179 3652 praesumpturos?
1243 3572 1302 3638 Ad

356 3662 430 3727 baec
447 3664 573 3728 fratres
588 3685 651 3747 pro
671 3667 721 3728 eis
743 3687 821 3731 cum
840 3668 1027 3750 lachrymis
1048 3669 1194 3751 profusi,
1207 3674 1302 3738 solo·

355 3768 456 3824 tenus
474 3763 630 3826 nonnulli
649 3766 796 3829 orabant
812 3768 990 3843 attentius,
1006 3775 1046 3832 ut
1057 3766 1177 3832 divina
1189 3771 1302 3854 pietas

354 3860 468 3924 lumen
492 3860 541 3923 eis
564 3863 704 3927 reddere
732 3864 953 3947 dignaretur3
988 3873 1023 3931 et
1048 3885 1126 3929 cum
1151 3882 1302 3950 orarent,

355 3961 465 4041 aperti
483 3963 669 4026 suntoculi
687 3984 817 4040 eorum,
840 3973 965 4029 etcum
985 3974 1133 4030 tremore
1150 3971 1304 4056 episcopi

320 4059 330 4079 ⁸
354 4062 533 4125 memorati
550 4063 593 4125 ad
612 4063 751 4145 propria
771 4072 851 4128 sunt
867 4065 1006 4129 reversi.
1059 4065 1191 4131 Eodem
1212 4090 1304 4137 anno
