3000 5004
461 465 600 514 rnonns
623 465 894 514 rnsronmnun.
1085 449 1151 514 377

200 642 282 687 vero
307 621 550 686 circavallatus
575 622 693 686 cuneis
723 622 942 697 bellatorum,
973 621 1031 683 ubi
1061 641 1150 684 nnn·

201 723 260 785 tiis
281 722 478 786 alternatim
502 721 772 784 discurrentibus
790 740 860 802 pax
885 721 1043 783 firmatur
1061 721 1151 784 inter

201 839 273 896 eos,
288 821 439 884 Rollone
462 821 535 901 regi
554 820 754 883 fidelitatem
773 819 919 882 faciente
943 829 977 883 et
994 839 1076 900 rege
1100 820 1151 882 illi

202 920 307 983 liliam
328 939 404 982 cum
424 927 517 982 terra
540 919 756 1000 praetitulata
772 918 1003 996 concedente;
1030 938 1149 1000 snper·

203 1018 336 1082 addidit
362 1019 466 1081 etiam
492 1018 523 1081 ei
548 1017 763 1080 Britanniam
787 1023 909 1092 totam,
931 1017 1030 1099 cujus
1055 1019 1151 1097 prin-

202 1118 296 1198 cipes
310 1116 542 1197 Berengarius
560 1124 596 1179 et
614 1114 748 1178 Alanus
769 1114 911 1177 Rolloni
933 1125 1153 1179 sacramenta

204 1215 382 1279 fidelitatis
397 1213 564 1278 fecerunt.
626 1214 695 1276 His
718 1202 825 1294 igitur
842 1213 1002 1276 nobiliter
1024 1233 1152 1278 execu-

203 1316 262 1392 tis,
288 1314 469 1377 hortantur
495 1313 674 1376 adstantes
700 1311 925 1393 Francigenae
954 1311 1151 1391 Rollonem,

204 1420 244 1476 ut
265 1412 386 1495 podem
409 1413 501 1493 regis
527 1431 590 1494 pro
613 1418 711 1474 tanto
736 1411 953 1473 oscularetur
977 1411 1088 1490 dono;
1115 1420 1153 1476 at

207 1511 311 1576 Rollo
343 1529 457 1593 genua
488 1510 625 1574 flectere
657 1509 877 1590 dedignatus,
909 1509 1030 1591 pedem
1061 1513 1153 1591 regis

205 1610 456 1692 apprehensum
473 1609 686 1672 truculenter
706 1609 815 1672 traxit
830 1608 874 1671 ad
893 1628 1060 1685 ossuum,
1078 1610 1154 1690 ipso

207 1728 287 1790 rege
309 1709 345 1771 in
367 1715 493 1772 terram
516 1708 738 1789 resupinat03
762 1708 822 1770 sed
841 1707 1067 1789 Francigenae
1084 1707 1155 1771 iac-

207 1815 280 1870 tum
313 1807 613 1889 reprehendentes
646 1805 867 1869 Normannos
900 1814 1082 1870 moverunt
1110 1807 1154 1870 ad

206 1907 325 1982 risum,
365 1905 546 1970 videbatur
581 1905 672 1968 enim
712 1904 855 1968 Rolloni
890 1905 1083 1986 indignum,
1114 1914 1155 1969 ut

208 2012 347 2081 terram,
374 2024 477 2085 qnam
511 2003 616 2066 armis
650 2010 810 2086 potenter
833 2005 1029 2085 subegerat,
1062 2004 1153 2067 dono

207 2103 393 2187 cujuslibet
419 2103 622 2186 possideret.
674 2101 785 2166 Pacto
813 2102 931 2183 itaqne
956 2102 1095 2165 tandem
1117 2103 1153 2165 in

209 2201 299 2266 hunc
329 2202 468 2266 modum
501 2202 648 2278 firmato,
680 2220 742 2263 rex
773 2200 985 2263 Francorum
1018 2201 1061 2264 ad
1090 2221 1156 2265 sua

209 2300 413 2382 regreditur,
440 2309 475 2365 et
497 2300 602 2363 Rollo
628 2320 706 2363 cnm
732 2299 819 2362 duce
843 2298 998 2362 Roberto
1019 2299 1154 2364 Rotho·
1167 2321 1296 2370 neptunus

208 2418 349 2482 magum
369 2399 566 2480 regrediens
585 2399 783 2480 baptizatus
807 2403 860 2461 est
887 2417 965 2460 cum
991 2399 1063 2461 suis
1083 2419 1155 2462 om·
1168 2372 1237 2413 Μ’

208 2498 309 2563 nibus
332 2518 354 2561 a
372 2499 564 2574 Francone,
587 2497 844 2579 archiepiscopo
868 2497 1155 2580 Rothomagensi,

208 2617 309 2680 quem
339 2597 412 2660 dux
435 2597 610 2660 Robertus
637 2597 680 2660 de
710 2596 804 2660 sonte
827 2615 925 2659 sacro
952 2598 1155 2680 suscipiens,

208 2697 240 2760 ei
261 2697 426 2779 imposuit
446 2715 570 2760 nomen
594 2715 706 2771 suurn,
724 2689 834 2758 ¹anno
855 2697 899 2758 ab
919 2695 1156 2761 incarnatione

209 2787 350 2859 Domini
367 2795 630 2876 nongentesimo
646 2794 859 2858 duodecimo.
911 2795 1036 2877 Sicque
1059 2815 1156 2877 mag·

210 2895 332 2957 nificus
355 2895 428 2957 dux
450 2894 637 2969 Robertus,
661 2901 856 2976 praeparato
875 2895 1072 2975 nuptiarum
1094 2914 1156 2976 ap·

209 3002 335 3075 paratu
358 3011 497 3074 magno,
519 2994 611 3074 regis
634 2993 739 3055 filiam
762 2992 798 3054 in
820 2991 1018 3074 conjugium
1044 3002 1079 3056 et
1101 3012 1158 3055 so-

208 3093 368 3156 cietatem
406 3093 486 3169 tori,
519 3092 717 3156 Christiano
749 3110 856 3167 more,
887 3091 1060 3172 suscepit;
1095 3092 1156 3154 sed

207 3191 269 3254 illa
284 3191 444 3273 deinceps
469 3181 550 3273 post
569 3209 679 3253 annos
702 3208 830 3271 paucos
844 3190 1030 3253 immatura
1046 3197 1156 3252 morte

207 3291 283 3353 sine
298 3289 416 3353 liberis
434 3297 624 3371 praeventa,
639 3289 712 3351 dux
730 3288 906 3351 Robertus
922 3280 1155 3370 ²repudiatam

207 3387 342 3471 Popam
357 3389 423 3452 sibi
437 3395 595 3470 repetens
610 3387 798 3469 copulavit.

383 3579 432 3642 De
443 3577 619 3663 peamlopio
634 3578 746 3640 dorma
760 3576 976 3639 Nomauaniae.

258 3699 432 3778 Quoniam
458 3701 635 3782 igiturex
665 3701 730 3764 hoc
760 3700 944 3781 magnifico
971 3700 1057 3764 duce
1085 3699 1294 3769 Romanor

206 3799 304 3863 berto
325 3800 447 3882 inclyti
470 3801 575 3863 duces
596 3806 631 3863 et
653 3820 752 3882 reges
774 3805 957 3863 traxerunt
979 3801 1157 3882 originem,
1169 3777 1315 3875 diffidis

244 4092 336 4144 ¹Amro
346 4095 377 4142 al>
388 4094 576 4157 incantatione]
597 4094 671 4142 Com·
698 4094 772 4156 terra]
795 4094 857 4143 This
874 4095 896 4142 is
909 4095 1037 4155 supposed
1053 4099 1079 4142 to
1095 4094 1159 4142 have

208 4178 269 4224 pare
275 4165 387 4213 William
397 4161 621 4227 olsumitges,ii.§
632 4167 670 4211 ls.
697 4164 760 4210 been
772 4164 848 4212 about
856 4168 914 4212 92⁰.
933 4164 1007 4213 Rollo
1013 4163 1073 4212 died
1082 4164 1160 4212 about

243 4231 429 4298 'Repudiatum
437 4234 530 4297 Papum
541 4232 590 4281 sibi
605 4247 672 4296 repe-
697 4236 754 4280 9⁶27.
