<?xml version="1.0" encoding="UTF-8"?>
<!DOCTYPE html PUBLIC "-//W3C//DTD XHTML 1.0 Transitional//EN"
    "http://www.w3.org/TR/xhtml1/DTD/xhtml1-transitional.dtd">
<html xmlns="http://www.w3.org/1999/xhtml" xml:lang="en" lang="en">
 <head>
  <title>
</title>
<meta http-equiv="Content-Type" content="text/html;charset=utf-8" />
  <meta name='ocr-system' content='tesseract 3.04.00' />
  <meta name='ocr-capabilities' content='ocr_page ocr_carea ocr_par ocr_line ocrx_word'/>
</head>
<body>
  <div class='ocr_page' id='page_1' title='image "./rogeridewendove05rogegoog_0164.png"; bbox 0 0 3000 5004; ppageno 0'>
   <div class='ocr_carea' id='block_1_1' title="bbox 469 401 1163 465">
    <p class='ocr_par' dir='ltr' id='par_1_1' title="bbox 469 401 1163 465">
     <span class='ocr_line' id='line_1_1' title="bbox 469 401 1163 465; baseline 0.003 -2"><span class='ocrx_word' id='word_1_1' title='bbox 469 415 609 463; x_wconf 75' lang='lat' dir='ltr'><strong>ruerus</strong></span> <span class='ocrx_word' id='word_1_2' title='bbox 632 416 901 465; x_wconf 75' lang='lat' dir='ltr'><strong>nrsronranuu.</strong></span> <span class='ocrx_word' id='word_1_3' title='bbox 1097 401 1163 465; x_wconf 88' lang='grc'><strong>119</strong></span> 
     </span>
    </p>
   </div>
   <div class='ocr_carea' id='block_1_2' title="bbox 199 569 1160 4031">
    <p class='ocr_par' dir='ltr' id='par_1_2' title="bbox 199 569 1160 4031">
     <span class='ocr_line' id='line_1_2' title="bbox 206 569 1159 654; baseline 0.001 -19"><span class='ocrx_word' id='word_1_4' title='bbox 206 590 275 652; x_wconf 90' lang='lat' dir='ltr'><strong>qua</strong></span> <span class='ocrx_word' id='word_1_5' title='bbox 301 569 490 636; x_wconf 83' lang='lat' dir='ltr'><strong>Christiani</strong></span> <span class='ocrx_word' id='word_1_6' title='bbox 521 572 726 636; x_wconf 81' lang='lat' dir='ltr'><strong>habitabant</strong></span> <span class='ocrx_word' id='word_1_7' title='bbox 755 572 957 654; x_wconf 79' lang='lat' dir='ltr'>designetur</span> <span class='ocrx_word' id='word_1_8' title='bbox 987 572 1159 654; x_wconf 89' lang='lat' dir='ltr'><strong>amplissi-</strong></span> 
     </span>
     <span class='ocr_line' id='line_1_3' title="bbox 206 670 1159 753; baseline 0.001 -20"><span class='ocrx_word' id='word_1_9' title='bbox 206 691 294 746; x_wconf 73' lang='lat' dir='ltr'><strong>muS,</strong></span> <span class='ocrx_word' id='word_1_10' title='bbox 322 670 365 733; x_wconf 92' lang='lat' dir='ltr'><strong>ad</strong></span> <span class='ocrx_word' id='word_1_11' title='bbox 387 671 597 735; x_wconf 91' lang='lat' dir='ltr'><strong>domicilium</strong></span> <span class='ocrx_word' id='word_1_12' title='bbox 622 672 725 753; x_wconf 90' lang='lat' dir='ltr'><strong>quale</strong></span> <span class='ocrx_word' id='word_1_13' title='bbox 748 673 922 735; x_wconf 84' lang='lat' dir='ltr'><strong>volueriut</strong></span> <span class='ocrx_word' id='word_1_14' title='bbox 947 673 1159 736; x_wconf 89' lang='lat' dir='ltr'><strong>constituen-</strong></span> 
     </span>
     <span class='ocr_line' id='line_1_4' title="bbox 205 770 1159 854; baseline 0.003 -22"><span class='ocrx_word' id='word_1_15' title='bbox 205 771 298 833; x_wconf 92' lang='lat' dir='ltr'><strong>dum.</strong></span> <span class='ocrx_word' id='word_1_16' title='bbox 352 771 567 852; x_wconf 89' lang='lat' dir='ltr'><strong>Designatur</strong></span> <span class='ocrx_word' id='word_1_17' title='bbox 582 772 700 854; x_wconf 90' lang='lat' dir='ltr'><strong>itaque</strong></span> <span class='ocrx_word' id='word_1_18' title='bbox 714 772 764 834; x_wconf 91' lang='lat' dir='ltr'><strong>eis</strong></span> <span class='ocrx_word' id='word_1_19' title='bbox 778 773 874 835; x_wconf 90' lang='lat' dir='ltr'><strong>locus</strong></span> <span class='ocrx_word' id='word_1_20' title='bbox 888 770 1060 835; x_wconf 90' lang='lat' dir='ltr'><strong>sufficiens</strong></span> <span class='ocrx_word' id='word_1_21' title='bbox 1078 780 1159 836; x_wconf 90' lang='lat' dir='ltr'><strong>ante</strong></span> 
     </span>
     <span class='ocr_line' id='line_1_5' title="bbox 201 869 1158 953; baseline 0.001 -20"><span class='ocrx_word' id='word_1_22' title='bbox 201 870 331 953; x_wconf 88' lang='lat' dir='ltr'><strong>januas</strong></span> <span class='ocrx_word' id='word_1_23' title='bbox 342 869 497 934; x_wconf 86' lang='lat' dir='ltr'><strong>ecclesiae</strong></span> <span class='ocrx_word' id='word_1_24' title='bbox 509 871 1158 953; x_wconf 84' lang='lat' dir='ltr'><strong>Dominicaeresurrectionis‚quantum</strong></span> 
     </span>
     <span class='ocr_line' id='line_1_6' title="bbox 199 969 1159 1052; baseline 0.004 -21"><span class='ocrx_word' id='word_1_25' title='bbox 199 969 318 1052; x_wconf 88' lang='lat' dir='ltr'><strong>jactus</strong></span> <span class='ocrx_word' id='word_1_26' title='bbox 334 977 387 1032; x_wconf 91' lang='lat' dir='ltr'><strong>est</strong></span> <span class='ocrx_word' id='word_1_27' title='bbox 401 969 539 1052; x_wconf 89' lang='lat' dir='ltr'><strong>lapidis,</strong></span> <span class='ocrx_word' id='word_1_28' title='bbox 555 971 613 1033; x_wconf 94' lang='lat' dir='ltr'><strong>ubi</strong></span> <span class='ocrx_word' id='word_1_29' title='bbox 629 972 873 1034; x_wconf 88' lang='lat' dir='ltr'><strong>monasterium</strong></span> <span class='ocrx_word' id='word_1_30' title='bbox 888 979 1159 1035; x_wconf 82' lang='lat' dir='ltr'><strong>construxerunt</strong></span> 
     </span>
     <span class='ocr_line' id='line_1_7' title="bbox 206 1066 1158 1151; baseline 0.005 -22"><span class='ocrx_word' id='word_1_31' title='bbox 206 1069 241 1130; x_wconf 91' lang='lat' dir='ltr'><strong>in</strong></span> <span class='ocrx_word' id='word_1_32' title='bbox 257 1066 420 1132; x_wconf 86' lang='lat' dir='ltr'><strong>honorem</strong></span> <span class='ocrx_word' id='word_1_33' title='bbox 434 1070 546 1133; x_wconf 86' lang='lat' dir='ltr'><strong>beatae</strong></span> <span class='ocrx_word' id='word_1_34' title='bbox 562 1069 630 1133; x_wconf 89' lang='lat' dir='ltr'><strong>Dei</strong></span> <span class='ocrx_word' id='word_1_35' title='bbox 647 1070 823 1151; x_wconf 83' lang='lat' dir='ltr'><strong>genitricis</strong></span> <span class='ocrx_word' id='word_1_36' title='bbox 840 1070 976 1146; x_wconf 79' lang='lat' dir='ltr'><strong>Mariae,</strong></span> <span class='ocrx_word' id='word_1_37' title='bbox 986 1090 1063 1133; x_wconf 94' lang='lat' dir='ltr'><strong>cum</strong></span> <span class='ocrx_word' id='word_1_38' title='bbox 1080 1071 1158 1134; x_wconf 91' lang='lat' dir='ltr'><strong>aliis</strong></span> 
     </span>
     <span class='ocr_line' id='line_1_8' title="bbox 204 1165 1158 1250; baseline 0.001 -19"><span class='ocrx_word' id='word_1_39' title='bbox 204 1165 348 1231; x_wconf 87' lang='lat' dir='ltr'><strong>officinis</strong></span> <span class='ocrx_word' id='word_1_40' title='bbox 364 1188 443 1250; x_wconf 84' lang='lat' dir='ltr'><strong>quae</strong></span> <span class='ocrx_word' id='word_1_41' title='bbox 469 1168 514 1231; x_wconf 87' lang='lat' dir='ltr'><strong>ad</strong></span> <span class='ocrx_word' id='word_1_42' title='bbox 539 1188 623 1232; x_wconf 90' lang='lat' dir='ltr'><strong>usus</strong></span> <span class='ocrx_word' id='word_1_43' title='bbox 645 1167 840 1232; x_wconf 87' lang='lat' dir='ltr'><strong>sufficerent</strong></span> <span class='ocrx_word' id='word_1_44' title='bbox 856 1169 1100 1232; x_wconf 89' lang='lat' dir='ltr'><strong>monachorum</strong></span> <span class='ocrx_word' id='word_1_45' title='bbox 1122 1176 1158 1232; x_wconf 90' lang='lat' dir='ltr'><strong>et</strong></span> 
     </span>
     <span class='ocr_line' id='line_1_9' title="bbox 204 1266 1157 1349; baseline 0.003 -21"><span class='ocrx_word' id='word_1_46' title='bbox 204 1285 277 1329; x_wconf 86' lang='lat' dir='ltr'><strong>suae</strong></span> <span class='ocrx_word' id='word_1_47' title='bbox 294 1268 410 1348; x_wconf 89' lang='lat' dir='ltr'><strong>gentis</strong></span> <span class='ocrx_word' id='word_1_48' title='bbox 433 1267 607 1349; x_wconf 90' lang='lat' dir='ltr'><strong>hospitum</strong></span> <span class='ocrx_word' id='word_1_49' title='bbox 630 1268 895 1349; x_wconf 83' lang='lat' dir='ltr'><strong>susceptionem.</strong></span> <span class='ocrx_word' id='word_1_50' title='bbox 949 1266 1029 1346; x_wconf 88' lang='lat' dir='ltr'><strong>Quo</strong></span> <span class='ocrx_word' id='word_1_51' title='bbox 1052 1268 1157 1344; x_wconf 88' lang='lat' dir='ltr'><strong>sacto,</strong></span> 
     </span>
     <span class='ocr_line' id='line_1_10' title="bbox 204 1365 1157 1447; baseline 0.003 -20"><span class='ocrx_word' id='word_1_52' title='bbox 204 1365 246 1428; x_wconf 91' lang='lat' dir='ltr'><strong>de</strong></span> <span class='ocrx_word' id='word_1_53' title='bbox 272 1367 430 1447; x_wconf 87' lang='lat' dir='ltr'><strong>partibus</strong></span> <span class='ocrx_word' id='word_1_54' title='bbox 458 1368 531 1430; x_wconf 91' lang='lat' dir='ltr'><strong>suis</strong></span> <span class='ocrx_word' id='word_1_55' title='bbox 555 1367 743 1430; x_wconf 88' lang='lat' dir='ltr'><strong>monachos</strong></span> <span class='ocrx_word' id='word_1_56' title='bbox 765 1374 801 1430; x_wconf 89' lang='lat' dir='ltr'><strong>et</strong></span> <span class='ocrx_word' id='word_1_57' title='bbox 823 1366 984 1430; x_wconf 80' lang='lat' dir='ltr'><strong>abbatem</strong></span> <span class='ocrx_word' id='word_1_58' title='bbox 1008 1366 1157 1430; x_wconf 82' lang='lat' dir='ltr'><strong>transse-</strong></span> 
     </span>
     <span class='ocr_line' id='line_1_11' title="bbox 205 1466 1157 1547; baseline 0.003 -21"><span class='ocrx_word' id='word_1_59' title='bbox 205 1472 332 1542; x_wconf 83' lang='lat' dir='ltr'><strong>rentes,</strong></span> <span class='ocrx_word' id='word_1_60' title='bbox 360 1467 473 1530; x_wconf 94' lang='lat' dir='ltr'><strong>locum</strong></span> <span class='ocrx_word' id='word_1_61' title='bbox 496 1467 701 1547; x_wconf 83' lang='lat' dir='ltr'><strong>regulariter</strong></span> <span class='ocrx_word' id='word_1_62' title='bbox 730 1466 918 1529; x_wconf 86' lang='lat' dir='ltr'><strong>instituunt</strong></span> <span class='ocrx_word' id='word_1_63' title='bbox 944 1473 980 1529; x_wconf 90' lang='lat' dir='ltr'><strong>et</strong></span> <span class='ocrx_word' id='word_1_64' title='bbox 1006 1466 1157 1530; x_wconf 90' lang='lat' dir='ltr'><strong>Domino</strong></span> 
     </span>
     <span class='ocr_line' id='line_1_12' title="bbox 203 1563 1156 1648; baseline 0.003 -23"><span class='ocrx_word' id='word_1_65' title='bbox 203 1563 301 1626; x_wconf 90' lang='lat' dir='ltr'><strong>illum</strong></span> <span class='ocrx_word' id='word_1_66' title='bbox 319 1573 442 1629; x_wconf 84' lang='lat' dir='ltr'><strong>sancta</strong></span> <span class='ocrx_word' id='word_1_67' title='bbox 465 1567 727 1630; x_wconf 90' lang='lat' dir='ltr'><strong>conversatione</strong></span> <span class='ocrx_word' id='word_1_68' title='bbox 756 1565 960 1648; x_wconf 89' lang='lat' dir='ltr'><strong>placabilem</strong></span> <span class='ocrx_word' id='word_1_69' title='bbox 987 1565 1156 1644; x_wconf 81' lang='lat' dir='ltr'><strong>reddunt3</strong></span> 
     </span>
     <span class='ocr_line' id='line_1_13' title="bbox 206 1663 1157 1747; baseline 0.002 -21"><span class='ocrx_word' id='word_1_70' title='bbox 206 1671 241 1726; x_wconf 91' lang='lat' dir='ltr'><strong>et</strong></span> <span class='ocrx_word' id='word_1_71' title='bbox 258 1665 420 1745; x_wconf 91' lang='lat' dir='ltr'><strong>quoniam</strong></span> <span class='ocrx_word' id='word_1_72' title='bbox 436 1666 503 1729; x_wconf 86' lang='lat' dir='ltr'><strong>viri</strong></span> <span class='ocrx_word' id='word_1_73' title='bbox 518 1664 636 1728; x_wconf 86' lang='lat' dir='ltr'><strong>Latini</strong></span> <span class='ocrx_word' id='word_1_74' title='bbox 651 1673 763 1741; x_wconf 89' lang='lat' dir='ltr'><strong>erant,</strong></span> <span class='ocrx_word' id='word_1_75' title='bbox 779 1666 839 1747; x_wconf 89' lang='lat' dir='ltr'><strong>qui</strong></span> <span class='ocrx_word' id='word_1_76' title='bbox 856 1665 970 1727; x_wconf 93' lang='lat' dir='ltr'><strong>locum</strong></span> <span class='ocrx_word' id='word_1_77' title='bbox 988 1663 1157 1728; x_wconf 80' lang='lat' dir='ltr'><strong>fundave-</strong></span> 
     </span>
     <span class='ocr_line' id='line_1_14' title="bbox 207 1763 1156 1846; baseline 0.003 -22"><span class='ocrx_word' id='word_1_78' title='bbox 207 1771 297 1839; x_wconf 88' lang='lat' dir='ltr'><strong>rant,</strong></span> <span class='ocrx_word' id='word_1_79' title='bbox 322 1783 431 1846; x_wconf 90' lang='lat' dir='ltr'><strong>usque</strong></span> <span class='ocrx_word' id='word_1_80' title='bbox 459 1765 495 1828; x_wconf 91' lang='lat' dir='ltr'><strong>iu</strong></span> <span class='ocrx_word' id='word_1_81' title='bbox 521 1764 724 1828; x_wconf 89' lang='lat' dir='ltr'><strong>hodiernum</strong></span> <span class='ocrx_word' id='word_1_82' title='bbox 749 1765 839 1827; x_wconf 89' lang='lat' dir='ltr'><strong>diem</strong></span> <span class='ocrx_word' id='word_1_83' title='bbox 868 1764 995 1827; x_wconf 89' lang='lat' dir='ltr'><strong>dicitur</strong></span> <span class='ocrx_word' id='word_1_84' title='bbox 1013 1763 1156 1827; x_wconf 87' lang='lat' dir='ltr'><strong>Menas·</strong></span> 
     </span>
     <span class='ocr_line' id='line_1_15' title="bbox 208 1863 1156 1945; baseline 0.002 -21"><span class='ocrx_word' id='word_1_85' title='bbox 208 1864 329 1925; x_wconf 86' lang='lat' dir='ltr'><strong>terium</strong></span> <span class='ocrx_word' id='word_1_86' title='bbox 347 1863 390 1925; x_wconf 89' lang='lat' dir='ltr'><strong>de</strong></span> <span class='ocrx_word' id='word_1_87' title='bbox 406 1863 545 1928; x_wconf 87' lang='lat' dir='ltr'><strong>Latina.</strong></span> <span class='ocrx_word' id='word_1_88' title='bbox 596 1863 821 1927; x_wconf 87' lang='lat' dir='ltr'><strong>Accedebant</strong></span> <span class='ocrx_word' id='word_1_89' title='bbox 842 1870 1014 1945; x_wconf 70' lang='lat' dir='ltr'><strong>praeterea</strong></span> <span class='ocrx_word' id='word_1_90' title='bbox 1036 1863 1080 1926; x_wconf 88' lang='lat' dir='ltr'><strong>ad</strong></span> <span class='ocrx_word' id='word_1_91' title='bbox 1104 1863 1156 1926; x_wconf 94' lang='lat' dir='ltr'><strong>lo-</strong></span> 
     </span>
     <span class='ocr_line' id='line_1_16' title="bbox 204 1963 1156 2044; baseline 0 -20"><span class='ocrx_word' id='word_1_92' title='bbox 204 1980 282 2024; x_wconf 93' lang='lat' dir='ltr'><strong>cum</strong></span> <span class='ocrx_word' id='word_1_93' title='bbox 309 1963 455 2025; x_wconf 90' lang='lat' dir='ltr'><strong>eundem</strong></span> <span class='ocrx_word' id='word_1_94' title='bbox 481 1963 595 2026; x_wconf 86' lang='lat' dir='ltr'><strong>viduae</strong></span> <span class='ocrx_word' id='word_1_95' title='bbox 617 1971 749 2026; x_wconf 84' lang='lat' dir='ltr'><strong>sanctae</strong></span> <span class='ocrx_word' id='word_1_96' title='bbox 773 1970 808 2026; x_wconf 89' lang='lat' dir='ltr'><strong>et</strong></span> <span class='ocrx_word' id='word_1_97' title='bbox 829 1963 1057 2038; x_wconf 89' lang='lat' dir='ltr'><strong>continentes,</strong></span> <span class='ocrx_word' id='word_1_98' title='bbox 1080 1963 1156 2044; x_wconf 92' lang='lat' dir='ltr'><strong>qui-</strong></span> 
     </span>
     <span class='ocr_line' id='line_1_17' title="bbox 205 2060 1156 2143; baseline 0.001 -20"><span class='ocrx_word' id='word_1_99' title='bbox 205 2061 269 2123; x_wconf 94' lang='lat' dir='ltr'><strong>bus</strong></span> <span class='ocrx_word' id='word_1_100' title='bbox 285 2060 548 2125; x_wconf 83' lang='lat' dir='ltr'><strong>advenientibus</strong></span> <span class='ocrx_word' id='word_1_101' title='bbox 566 2062 762 2126; x_wconf 91' lang='lat' dir='ltr'><strong>ordinatum</strong></span> <span class='ocrx_word' id='word_1_102' title='bbox 776 2069 829 2125; x_wconf 89' lang='lat' dir='ltr'><strong>est</strong></span> <span class='ocrx_word' id='word_1_103' title='bbox 847 2080 869 2123; x_wconf 90' lang='lat' dir='ltr'><strong>a</strong></span> <span class='ocrx_word' id='word_1_104' title='bbox 883 2062 966 2125; x_wconf 90' lang='lat' dir='ltr'><strong>viris</strong></span> <span class='ocrx_word' id='word_1_105' title='bbox 981 2061 1156 2143; x_wconf 85' lang='lat' dir='ltr'><strong>praedictis</strong></span> 
     </span>
     <span class='ocr_line' id='line_1_18' title="bbox 205 2161 1156 2242; baseline 0.001 -20"><span class='ocrx_word' id='word_1_106' title='bbox 205 2179 360 2223; x_wconf 89' lang='lat' dir='ltr'><strong>seorsum</strong></span> <span class='ocrx_word' id='word_1_107' title='bbox 390 2162 578 2225; x_wconf 90' lang='lat' dir='ltr'><strong>oratorium</strong></span> <span class='ocrx_word' id='word_1_108' title='bbox 606 2161 833 2224; x_wconf 89' lang='lat' dir='ltr'><strong>inhonorem</strong></span> <span class='ocrx_word' id='word_1_109' title='bbox 860 2162 927 2241; x_wconf 87' lang='lat' dir='ltr'><strong>piae</strong></span> <span class='ocrx_word' id='word_1_110' title='bbox 952 2161 1156 2242; x_wconf 90' lang='lat' dir='ltr'><strong>peccatricis</strong></span> 
     </span>
     <span class='ocr_line' id='line_1_19' title="bbox 207 2258 1156 2342; baseline 0 -20"><span class='ocrx_word' id='word_1_111' title='bbox 207 2258 330 2323; x_wconf 85' lang='lat' dir='ltr'><strong>Mariae</strong></span> <span class='ocrx_word' id='word_1_112' title='bbox 348 2260 581 2342; x_wconf 86' lang='lat' dir='ltr'><strong>Magdalenee,</strong></span> <span class='ocrx_word' id='word_1_113' title='bbox 604 2267 639 2323; x_wconf 90' lang='lat' dir='ltr'><strong>et</strong></span> <span class='ocrx_word' id='word_1_114' title='bbox 662 2262 727 2322; x_wconf 92' lang='lat' dir='ltr'><strong>sub</strong></span> <span class='ocrx_word' id='word_1_115' title='bbox 744 2267 839 2323; x_wconf 90' lang='lat' dir='ltr'><strong>certo</strong></span> <span class='ocrx_word' id='word_1_116' title='bbox 856 2279 998 2323; x_wconf 91' lang='lat' dir='ltr'><strong>numero</strong></span> <span class='ocrx_word' id='word_1_117' title='bbox 1019 2278 1156 2324; x_wconf 89' lang='lat' dir='ltr'><strong>sorores</strong></span> 
     </span>
     <span class='ocr_line' id='line_1_20' title="bbox 206 2359 1155 2442; baseline -0.001 -21"><span class='ocrx_word' id='word_1_118' title='bbox 206 2361 406 2423; x_wconf 86' lang='lat' dir='ltr'><strong>constitutae</strong></span> <span class='ocrx_word' id='word_1_119' title='bbox 444 2360 489 2422; x_wconf 91' lang='lat' dir='ltr'><strong>ad</strong></span> <span class='ocrx_word' id='word_1_120' title='bbox 519 2361 723 2442; x_wconf 91' lang='lat' dir='ltr'><strong>obsequium</strong></span> <span class='ocrx_word' id='word_1_121' title='bbox 752 2359 1016 2424; x_wconf 81' lang='lat' dir='ltr'><strong>adventantium</strong></span> <span class='ocrx_word' id='word_1_122' title='bbox 1053 2359 1155 2421; x_wconf 91' lang='lat' dir='ltr'><strong>muli-</strong></span> 
     </span>
     <span class='ocr_line' id='line_1_21' title="bbox 205 2457 1156 2535; baseline 0.001 -15"><span class='ocrx_word' id='word_1_123' title='bbox 205 2477 309 2521; x_wconf 90' lang='lat' dir='ltr'><strong>erum.</strong></span> <span class='ocrx_word' id='word_1_124' title='bbox 365 2458 593 2523; x_wconf 88' lang='lat' dir='ltr'><strong>Procuratum</strong></span> <span class='ocrx_word' id='word_1_125' title='bbox 614 2467 667 2522; x_wconf 88' lang='lat' dir='ltr'><strong>est</strong></span> <span class='ocrx_word' id='word_1_126' title='bbox 681 2458 786 2522; x_wconf 86' lang='lat' dir='ltr'><strong>etiam</strong></span> <span class='ocrx_word' id='word_1_127' title='bbox 801 2478 823 2522; x_wconf 98' lang='lat' dir='ltr'><strong>a</strong></span> <span class='ocrx_word' id='word_1_128' title='bbox 842 2459 973 2521; x_wconf 89' lang='lat' dir='ltr'><strong>sanctis</strong></span> <span class='ocrx_word' id='word_1_129' title='bbox 990 2457 1087 2534; x_wconf 86' lang='lat' dir='ltr'><strong>viris,</strong></span> <span class='ocrx_word' id='word_1_130' title='bbox 1105 2465 1156 2535; x_wconf 90' lang='lat' dir='ltr'><strong>ut,</strong></span> 
     </span>
     <span class='ocr_line' id='line_1_22' title="bbox 205 2557 1156 2642; baseline 0.002 -23"><span class='ocrx_word' id='word_1_131' title='bbox 205 2557 456 2621; x_wconf 88' lang='lat' dir='ltr'><strong>confluentibus</strong></span> <span class='ocrx_word' id='word_1_132' title='bbox 471 2559 542 2623; x_wconf 93' lang='lat' dir='ltr'><strong>illic</strong></span> <span class='ocrx_word' id='word_1_133' title='bbox 555 2559 746 2642; x_wconf 83' lang='lat' dir='ltr'><strong>peregrinis</strong></span> <span class='ocrx_word' id='word_1_134' title='bbox 762 2558 944 2642; x_wconf 84' lang='lat' dir='ltr'><strong>egentibus</strong></span> <span class='ocrx_word' id='word_1_135' title='bbox 956 2565 991 2621; x_wconf 89' lang='lat' dir='ltr'><strong>et</strong></span> <span class='ocrx_word' id='word_1_136' title='bbox 1006 2557 1156 2634; x_wconf 64' lang='lat' dir='ltr'><strong>afflictis</strong></span> 
     </span>
     <span class='ocr_line' id='line_1_23' title="bbox 205 2656 1156 2739; baseline 0.001 -21"><span class='ocrx_word' id='word_1_137' title='bbox 205 2656 295 2720; x_wconf 83' lang='lat' dir='ltr'><strong>infra</strong></span> <span class='ocrx_word' id='word_1_138' title='bbox 320 2658 487 2721; x_wconf 88' lang='lat' dir='ltr'><strong>ambitum</strong></span> <span class='ocrx_word' id='word_1_139' title='bbox 509 2658 575 2722; x_wconf 91' lang='lat' dir='ltr'><strong>sibi</strong></span> <span class='ocrx_word' id='word_1_140' title='bbox 596 2658 815 2739; x_wconf 90' lang='lat' dir='ltr'><strong>adsignatum</strong></span> <span class='ocrx_word' id='word_1_141' title='bbox 838 2658 936 2722; x_wconf 89' lang='lat' dir='ltr'><strong>fieret</strong></span> <span class='ocrx_word' id='word_1_142' title='bbox 961 2657 1156 2734; x_wconf 79' lang='lat' dir='ltr'><strong>aedilicium,</strong></span> 
     </span>
     <span class='ocr_line' id='line_1_24' title="bbox 207 2756 1155 2839; baseline 0 -21"><span class='ocrx_word' id='word_1_143' title='bbox 207 2756 361 2820; x_wconf 84' lang='lat' dir='ltr'><strong>ubitam</strong></span> <span class='ocrx_word' id='word_1_144' title='bbox 389 2777 492 2822; x_wconf 91' lang='lat' dir='ltr'><strong>sanos</strong></span> <span class='ocrx_word' id='word_1_145' title='bbox 515 2777 619 2839; x_wconf 86' lang='lat' dir='ltr'><strong>quam</strong></span> <span class='ocrx_word' id='word_1_146' title='bbox 646 2766 796 2839; x_wconf 88' lang='lat' dir='ltr'><strong>aegrotos</strong></span> <span class='ocrx_word' id='word_1_147' title='bbox 819 2758 1034 2838; x_wconf 89' lang='lat' dir='ltr'><strong>colligerent,</strong></span> <span class='ocrx_word' id='word_1_148' title='bbox 1061 2764 1096 2820; x_wconf 89' lang='lat' dir='ltr'><strong>et</strong></span> <span class='ocrx_word' id='word_1_149' title='bbox 1120 2757 1155 2819; x_wconf 89' lang='lat' dir='ltr'><strong>in</strong></span> 
     </span>
     <span class='ocr_line' id='line_1_25' title="bbox 206 2854 1157 2939; baseline 0.001 -21"><span class='ocrx_word' id='word_1_150' title='bbox 206 2854 326 2918; x_wconf 85' lang='lat' dir='ltr'><strong>eodem</strong></span> <span class='ocrx_word' id='word_1_151' title='bbox 350 2856 426 2920; x_wconf 92' lang='lat' dir='ltr'><strong>loco</strong></span> <span class='ocrx_word' id='word_1_152' title='bbox 446 2857 667 2939; x_wconf 83' lang='lat' dir='ltr'><strong>congregatis</strong></span> <span class='ocrx_word' id='word_1_153' title='bbox 684 2857 953 2938; x_wconf 84' lang='lat' dir='ltr'><strong>fragmentorum</strong></span> <span class='ocrx_word' id='word_1_154' title='bbox 976 2856 1157 2937; x_wconf 87' lang='lat' dir='ltr'><strong>utriusque</strong></span> 
     </span>
     <span class='ocr_line' id='line_1_26' title="bbox 207 2954 1157 3038; baseline -0.002 -21"><span class='ocrx_word' id='word_1_155' title='bbox 207 2956 408 3019; x_wconf 88' lang='lat' dir='ltr'><strong>monasterii</strong></span> <span class='ocrx_word' id='word_1_156' title='bbox 433 2957 600 3038; x_wconf 90' lang='lat' dir='ltr'><strong>reliquiis,</strong></span> <span class='ocrx_word' id='word_1_157' title='bbox 620 2957 781 3020; x_wconf 89' lang='lat' dir='ltr'><strong>videlicet</strong></span> <span class='ocrx_word' id='word_1_158' title='bbox 796 2957 947 3021; x_wconf 81' lang='lat' dir='ltr'><strong>virorum</strong></span> <span class='ocrx_word' id='word_1_159' title='bbox 973 2973 1014 3017; x_wconf 91' lang='lat' dir='ltr'><strong>ac</strong></span> <span class='ocrx_word' id='word_1_160' title='bbox 1036 2954 1157 3016; x_wconf 90' lang='lat' dir='ltr'><strong>mulie-</strong></span> 
     </span>
     <span class='ocr_line' id='line_1_27' title="bbox 208 3051 1156 3137; baseline 0 -22"><span class='ocrx_word' id='word_1_161' title='bbox 208 3073 295 3131; x_wconf 90' lang='lat' dir='ltr'><strong>rum,</strong></span> <span class='ocrx_word' id='word_1_162' title='bbox 315 3055 360 3119; x_wconf 86' lang='lat' dir='ltr'><strong>ad</strong></span> <span class='ocrx_word' id='word_1_163' title='bbox 385 3056 622 3137; x_wconf 88' lang='lat' dir='ltr'><strong>quotidianam</strong></span> <span class='ocrx_word' id='word_1_164' title='bbox 641 3056 929 3119; x_wconf 88' lang='lat' dir='ltr'><strong>sustentationem</strong></span> <span class='ocrx_word' id='word_1_165' title='bbox 954 3051 1085 3135; x_wconf 90' lang='lat' dir='ltr'><strong>aliquid</strong></span> <span class='ocrx_word' id='word_1_166' title='bbox 1100 3051 1156 3115; x_wconf 83' lang='lat' dir='ltr'><strong>vel</strong></span> 
     </span>
     <span class='ocr_line' id='line_1_28' title="bbox 207 3150 1157 3236; baseline -0.004 -20"><span class='ocrx_word' id='word_1_167' title='bbox 207 3154 378 3217; x_wconf 92' lang='lat' dir='ltr'><strong>modicum</strong></span> <span class='ocrx_word' id='word_1_168' title='bbox 392 3155 586 3236; x_wconf 87' lang='lat' dir='ltr'><strong>largiretur.</strong></span> <span class='ocrx_word' id='word_1_169' title='bbox 641 3154 837 3217; x_wconf 84' lang='lat' dir='ltr'><strong>Erexerunt</strong></span> <span class='ocrx_word' id='word_1_170' title='bbox 852 3154 955 3216; x_wconf 90' lang='lat' dir='ltr'><strong>etiam</strong></span> <span class='ocrx_word' id='word_1_171' title='bbox 978 3153 1016 3214; x_wconf 90' lang='lat' dir='ltr'><strong>iu</strong></span> <span class='ocrx_word' id='word_1_172' title='bbox 1037 3150 1157 3214; x_wconf 91' lang='lat' dir='ltr'><strong>eodem</strong></span> 
     </span>
     <span class='ocr_line' id='line_1_29' title="bbox 205 3247 1157 3332; baseline -0.004 -16"><span class='ocrx_word' id='word_1_173' title='bbox 205 3252 283 3316; x_wconf 91' lang='lat' dir='ltr'><strong>loco</strong></span> <span class='ocrx_word' id='word_1_174' title='bbox 299 3253 408 3317; x_wconf 88' lang='lat' dir='ltr'><strong>altare</strong></span> <span class='ocrx_word' id='word_1_175' title='bbox 422 3255 459 3317; x_wconf 93' lang='lat' dir='ltr'><strong>in</strong></span> <span class='ocrx_word' id='word_1_176' title='bbox 475 3253 639 3318; x_wconf 88' lang='lat' dir='ltr'><strong>honorem</strong></span> <span class='ocrx_word' id='word_1_177' title='bbox 653 3255 746 3317; x_wconf 90' lang='lat' dir='ltr'><strong>beati</strong></span> <span class='ocrx_word' id='word_1_178' title='bbox 756 3247 942 3316; x_wconf 86' lang='lat' dir='ltr'><strong>¹Johanuis</strong></span> <span class='ocrx_word' id='word_1_179' title='bbox 958 3251 1157 3332; x_wconf 89' lang='lat' dir='ltr'><strong>Eleemosy-</strong></span> 
     </span>
     <span class='ocr_line' id='line_1_30' title="bbox 207 3349 1157 3436; baseline -0.003 -22"><span class='ocrx_word' id='word_1_180' title='bbox 207 3352 308 3428; x_wconf 90' lang='lat' dir='ltr'><strong>narii,</strong></span> <span class='ocrx_word' id='word_1_181' title='bbox 332 3353 425 3435; x_wconf 91' lang='lat' dir='ltr'><strong>quod</strong></span> <span class='ocrx_word' id='word_1_182' title='bbox 457 3354 706 3436; x_wconf 87' lang='lat' dir='ltr'><strong>iuterpretatur</strong></span> <span class='ocrx_word' id='word_1_183' title='bbox 737 3349 977 3425; x_wconf 64' lang='lat' dir='ltr'><strong>‘misericors’</strong></span> <span class='ocrx_word' id='word_1_184' title='bbox 1008 3350 1069 3431; x_wconf 93' lang='lat' dir='ltr'><strong>qui</strong></span> <span class='ocrx_word' id='word_1_185' title='bbox 1092 3350 1157 3426; x_wconf 88' lang='lat' dir='ltr'><strong>vir,</strong></span> 
     </span>
     <span class='ocr_line' id='line_1_31' title="bbox 209 3448 1157 3535; baseline -0.004 -20"><span class='ocrx_word' id='word_1_186' title='bbox 209 3451 285 3515; x_wconf 90' lang='lat' dir='ltr'><strong>Deo</strong></span> <span class='ocrx_word' id='word_1_187' title='bbox 302 3452 456 3533; x_wconf 89' lang='lat' dir='ltr'><strong>placens,</strong></span> <span class='ocrx_word' id='word_1_188' title='bbox 480 3454 620 3517; x_wconf 86' lang='lat' dir='ltr'><strong>natione</strong></span> <span class='ocrx_word' id='word_1_189' title='bbox 638 3451 825 3535; x_wconf 85' lang='lat' dir='ltr'><strong>Cyprensis</strong></span> <span class='ocrx_word' id='word_1_190' title='bbox 847 3449 926 3525; x_wconf 90' lang='lat' dir='ltr'><strong>suit,</strong></span> <span class='ocrx_word' id='word_1_191' title='bbox 949 3448 1157 3529; x_wconf 88' lang='lat' dir='ltr'><strong>tandemque</strong></span> 
     </span>
     <span class='ocr_line' id='line_1_32' title="bbox 207 3547 1158 3632; baseline -0.004 -20"><span class='ocrx_word' id='word_1_192' title='bbox 207 3550 478 3632; x_wconf 88' lang='lat' dir='ltr'><strong>suffragantibus</strong></span> <span class='ocrx_word' id='word_1_193' title='bbox 506 3550 639 3615; x_wconf 90' lang='lat' dir='ltr'><strong>meritis</strong></span> <span class='ocrx_word' id='word_1_194' title='bbox 665 3549 925 3614; x_wconf 87' lang='lat' dir='ltr'><strong>Alexandrinus</strong></span> <span class='ocrx_word' id='word_1_195' title='bbox 960 3547 1158 3629; x_wconf 89' lang='lat' dir='ltr'><strong>patriarcha</strong></span> 
     </span>
     <span class='ocr_line' id='line_1_33' title="bbox 208 3646 1160 3734; baseline -0.003 -22"><span class='ocrx_word' id='word_1_196' title='bbox 208 3649 321 3713; x_wconf 86' lang='lat' dir='ltr'><strong>factus</strong></span> <span class='ocrx_word' id='word_1_197' title='bbox 353 3659 419 3728; x_wconf 86' lang='lat' dir='ltr'><strong>cst,</strong></span> <span class='ocrx_word' id='word_1_198' title='bbox 443 3652 496 3714; x_wconf 89' lang='lat' dir='ltr'><strong>vir</strong></span> <span class='ocrx_word' id='word_1_199' title='bbox 520 3651 557 3713; x_wconf 91' lang='lat' dir='ltr'><strong>in</strong></span> <span class='ocrx_word' id='word_1_200' title='bbox 582 3650 743 3734; x_wconf 90' lang='lat' dir='ltr'><strong>operibus</strong></span> <span class='ocrx_word' id='word_1_201' title='bbox 771 3649 913 3731; x_wconf 90' lang='lat' dir='ltr'><strong>pietatis</strong></span> <span class='ocrx_word' id='word_1_202' title='bbox 936 3646 1160 3727; x_wconf 89' lang='lat' dir='ltr'><strong>singulariter</strong></span> 
     </span>
     <span class='ocr_line' id='line_1_34' title="bbox 209 3746 1158 3833; baseline -0.003 -22"><span class='ocrx_word' id='word_1_203' title='bbox 209 3749 383 3812; x_wconf 83' lang='lat' dir='ltr'><strong>excellens</strong></span> <span class='ocrx_word' id='word_1_204' title='bbox 397 3771 407 3830; x_wconf 79' lang='lat'>3</span> <span class='ocrx_word' id='word_1_205' title='bbox 431 3751 571 3831; x_wconf 89' lang='lat' dir='ltr'><strong>pietatis</strong></span> <span class='ocrx_word' id='word_1_206' title='bbox 588 3750 663 3833; x_wconf 88' lang='lat' dir='ltr'><strong>ejus</strong></span> <span class='ocrx_word' id='word_1_207' title='bbox 678 3748 794 3812; x_wconf 89' lang='lat' dir='ltr'><strong>studia</strong></span> <span class='ocrx_word' id='word_1_208' title='bbox 814 3755 849 3812; x_wconf 91' lang='lat' dir='ltr'><strong>et</strong></span> <span class='ocrx_word' id='word_1_209' title='bbox 864 3748 1101 3829; x_wconf 87' lang='lat' dir='ltr'><strong>eleemosynas</strong></span> <span class='ocrx_word' id='word_1_210' title='bbox 1117 3746 1158 3809; x_wconf 95' lang='lat' dir='ltr'><strong>li-</strong></span> 
     </span>
     <span class='ocr_line' id='line_1_35' title="bbox 208 3848 1158 3913; baseline -0.004 -2"><span class='ocrx_word' id='word_1_211' title='bbox 208 3848 342 3912; x_wconf 88' lang='lat' dir='ltr'><strong>berales</strong></span> <span class='ocrx_word' id='word_1_212' title='bbox 383 3851 568 3913; x_wconf 87' lang='lat' dir='ltr'><strong>enarrabat</strong></span> <span class='ocrx_word' id='word_1_213' title='bbox 608 3849 719 3912; x_wconf 91' lang='lat' dir='ltr'><strong>omnis</strong></span> <span class='ocrx_word' id='word_1_214' title='bbox 759 3848 904 3912; x_wconf 90' lang='lat' dir='ltr'><strong>ecclesia</strong></span> <span class='ocrx_word' id='word_1_215' title='bbox 946 3854 1158 3910; x_wconf 89' lang='lat' dir='ltr'><strong>sauctorum.</strong></span> 
     </span>
     <span class='ocr_line' id='line_1_36' title="bbox 209 3947 1160 4031; baseline -0.004 -21"><span class='ocrx_word' id='word_1_216' title='bbox 209 3947 304 4011; x_wconf 90' lang='lat' dir='ltr'><strong>Huic</strong></span> <span class='ocrx_word' id='word_1_217' title='bbox 316 3956 432 4012; x_wconf 89' lang='lat' dir='ltr'><strong>autem</strong></span> <span class='ocrx_word' id='word_1_218' title='bbox 448 3949 525 4012; x_wconf 92' lang='lat' dir='ltr'><strong>loco</strong></span> <span class='ocrx_word' id='word_1_219' title='bbox 541 3956 662 4012; x_wconf 88' lang='lat' dir='ltr'><strong>sancto</strong></span> <span class='ocrx_word' id='word_1_220' title='bbox 685 3968 796 4031; x_wconf 89' lang='lat' dir='ltr'><strong>neque</strong></span> <span class='ocrx_word' id='word_1_221' title='bbox 814 3947 968 4010; x_wconf 91' lang='lat' dir='ltr'><strong>redditus</strong></span> <span class='ocrx_word' id='word_1_222' title='bbox 986 3952 1086 4009; x_wconf 90' lang='lat' dir='ltr'><strong>erant</strong></span> <span class='ocrx_word' id='word_1_223' title='bbox 1098 3963 1160 4006; x_wconf 91' lang='lat' dir='ltr'><strong>nec</strong></span> 
     </span>
    </p>
   </div>
   <div class='ocr_carea' id='block_1_3' title="bbox 305 4183 1114 4254">
    <p class='ocr_par' dir='ltr' id='par_1_3' title="bbox 305 4183 1114 4254">
     <span class='ocr_line' id='line_1_37' title="bbox 305 4183 1114 4254; baseline -0.009 -16"><span class='ocrx_word' id='word_1_224' title='bbox 305 4185 311 4215; x_wconf 91' lang='lat'><strong>¹</strong></span> <span class='ocrx_word' id='word_1_225' title='bbox 324 4189 446 4238; x_wconf 75' lang='lat' dir='ltr'><strong>Jeltunnia</strong></span> <span class='ocrx_word' id='word_1_226' title='bbox 458 4183 672 4254; x_wconf 58' lang='lat' dir='ltr'><strong>Mummii]</strong></span> <span class='ocrx_word' id='word_1_227' title='bbox 692 4189 739 4237; x_wconf 85' lang='lat' dir='ltr'><strong>Sec</strong></span> <span class='ocrx_word' id='word_1_228' title='bbox 752 4189 841 4249; x_wconf 82' lang='lat' dir='ltr'><strong>above,</strong></span> <span class='ocrx_word' id='word_1_229' title='bbox 853 4188 879 4235; x_wconf 90' lang='lat' dir='ltr'><strong>iu</strong></span> <span class='ocrx_word' id='word_1_230' title='bbox 891 4187 932 4235; x_wconf 88' lang='lat' dir='ltr'><strong>the</strong></span> <span class='ocrx_word' id='word_1_231' title='bbox 944 4200 1005 4247; x_wconf 86' lang='lat' dir='ltr'><strong>year</strong></span> <span class='ocrx_word' id='word_1_232' title='bbox 1017 4189 1074 4233; x_wconf 81' lang='lat' dir='ltr'><strong>till.</strong></span> <span class='ocrx_word' id='word_1_233' title='bbox 1112 4184 1114 4189; x_wconf 85' lang='lat'>&#39;</span> 
     </span>
    </p>
   </div>
   <div class='ocr_carea' id='block_1_4' title="bbox 1171 592 1302 733">
    <p class='ocr_par' dir='ltr' id='par_1_4' title="bbox 1171 592 1302 733">
     <span class='ocr_line' id='line_1_38' title="bbox 1171 592 1297 633; baseline 0.048 -6"><span class='ocrx_word' id='word_1_234' title='bbox 1171 592 1238 632; x_wconf 82' lang='lat' dir='ltr'><strong>order</strong></span> <span class='ocrx_word' id='word_1_235' title='bbox 1246 595 1270 632; x_wconf 81' lang='lat' dir='ltr'><strong>el</strong></span> <span class='ocrx_word' id='word_1_236' title='bbox 1276 596 1297 633; x_wconf 78' lang='lat' dir='ltr'><strong>S.</strong></span> 
     </span>
     <span class='ocr_line' id='line_1_39' title="bbox 1171 641 1302 684; baseline 0.038 -4"><span class='ocrx_word' id='word_1_237' title='bbox 1171 641 1227 681; x_wconf 87' lang='lat' dir='ltr'><strong>John</strong></span> <span class='ocrx_word' id='word_1_238' title='bbox 1236 645 1261 683; x_wconf 77' lang='lat' dir='ltr'><strong>ot</strong></span> <span class='ocrx_word' id='word_1_239' title='bbox 1266 645 1302 684; x_wconf 80' lang='lat' dir='ltr'><strong>Je-</strong></span> 
     </span>
     <span class='ocr_line' id='line_1_40' title="bbox 1171 693 1271 733; baseline 0.02 -2"><span class='ocrx_word' id='word_1_240' title='bbox 1171 693 1271 733; x_wconf 70' lang='lat' dir='ltr'><strong>rutulam.</strong></span> 
     </span>
    </p>
   </div>
   <div class='ocr_carea' id='block_1_5' title="bbox 0 0 1509 5004">
    <p class='ocr_par' dir='ltr' id='par_1_5' title="bbox 0 0 1509 5004">
     <span class='ocr_line' id='line_1_41' title="bbox 0 0 1509 5004; baseline 0 0"><span class='ocrx_word' id='word_1_241' title='bbox 0 0 1509 5004; x_wconf 95' lang='lat' dir='ltr'><strong> </strong></span> 
     </span>
    </p>
   </div>
  </div>
 </body>
</html>
