3000 5004
343 449 410 512 336
599 457 733 506 noorai
759 459 805 504 nn
830 456 1035 505 wuunovnn

346 639 425 703 quae
453 617 645 700 antiquitus
670 615 939 696 Cunegecestria
960 614 1151 680 dicebatur.
1206 615 1300 682 Nam

347 727 384 783 et
412 719 501 782 idem
528 724 669 780 sanctus
691 734 753 797 per
782 715 941 778 abbatem
969 714 1173 796 praedictum
1202 735 1300 780 man-

347 818 504 893 daverat,
519 823 560 879 ut
573 816 781 897 quicumque
799 813 844 876 ad
863 813 939 896 ejus
962 833 1088 896 corpus
1109 814 1248 897 fugeret
1264 817 1299 878 in

347 916 493 980 articulo
506 913 733 989 necessitatis,
751 932 871 995 pacem
887 933 949 994 per
964 933 1116 977 mensem
1133 914 1299 991 haberet;

348 1016 588 1096 huncquoque
608 1011 719 1093 legem
743 1019 815 1074 tam
837 1031 900 1074 rex
915 1011 1092 1088 Alfredus,
1110 1031 1216 1094 quam
1236 1032 1297 1076 rex

349 1112 557 1188 cuthredus,
591 1118 773 1175 censuerat
809 1118 976 1193 perpetuo
1013 1112 1297 1176 conservandam.

349 1213 405 1277 Ad
421 1212 486 1276 hoc
508 1213 648 1293 insuper
662 1211 699 1273 in
714 1217 938 1290 augmentum
961 1208 1085 1292 prioris
1111 1211 1205 1274 sedis
1226 1212 1298 1294 epi-

350 1319 526 1395 scopatus,
556 1316 666 1373 totam
692 1317 820 1372 terram
850 1309 942 1372 inter
970 1309 1114 1372 flumina
1134 1309 1237 1394 Tyne
1263 1318 1298 1374 et

350 1411 465 1494 Teysc
489 1408 626 1492 praelati
658 1426 758 1489 reges
781 1415 1026 1472 concesserunt
1045 1416 1167 1474 sancto
1188 1409 1298 1473 Cuth-

350 1512 449 1574 berto
466 1508 546 1591 jure
569 1514 736 1589 perpetuo
758 1507 1013 1589 possidendam,
1030 1516 1064 1573 et
1082 1509 1177 1571 illius
1201 1510 1298 1573 insti·

352 1608 496 1671 tutionis
507 1606 695 1670 violatores
711 1606 826 1688 poenis
841 1604 1065 1670 infernalibus
1079 1607 1298 1672 addixerunt.

353 1705 482 1770 Eodem
508 1712 663 1786 tempore
686 1705 908 1788 episcopatus
930 1704 1226 1788 Hagustaldensis
1245 1727 1300 1772 oc·

352 1804 466 1868 clesiae
480 1804 630 1867 cessavit
646 1811 788 1886 propter
802 1804 1005 1868 insolentias
1022 1824 1249 1888 paganorum.

409 1976 452 2041 Ut
467 1975 618 2039 Marinus
627 1996 717 2061 papo
732 1975 881 2061 reliquias
894 1975 1013 2041 miserit
1027 1977 1162 2062 Alsredo
1177 1981 1252 2065 rapi.

404 2102 508 2166 Anno
525 2100 667 2164 Domini
683 2115 943 2164 ncocuxxxur.
959 2093 1138 2163 ¹Marinus
1155 2102 1245 2166 sedit
1265 2104 1301 2167 in

354 2201 519 2266 cathedra
536 2200 696 2263 Romana
709 2217 799 2262 anno
812 2218 883 2263 uno
899 2206 935 2262 et
950 2200 1123 2263 mensibus
1139 2202 1301 2283 quinque.

357 2302 428 2365 Hic
444 2300 597 2364 scholam
612 2298 807 2379 Auglorum
825 2298 960 2374 Romae,
979 2297 1122 2362 Alfredo
1142 2319 1224 2383 rege
1245 2302 1303 2366 de-

357 2407 530 2485 precante,
559 2416 582 2460 a
614 2398 744 2461 tributo
780 2397 923 2460 liberam
958 2397 1067 2475 secit3
1104 2399 1165 2480 qui
1199 2403 1303 2465 etiam

356 2498 430 2579 regi
447 2496 593 2579 praefato
610 2495 755 2559 donaria
778 2496 1014 2560 transmittens
1036 2497 1196 2579 plurima,
1211 2500 1305 2564 dedit

357 2599 388 2660 ei
419 2596 510 2659 inter
541 2602 668 2657 caetera
695 2596 887 2676 portionem
917 2615 986 2658 nou
1015 2597 1186 2660 modicam
1213 2600 1305 2663 illius

357 2695 469 2759 crucis
497 2692 698 2768 salutiferae,
724 2695 759 2756 in
787 2713 857 2775 qua
880 2693 948 2757 Dei
967 2695 1076 2758 Filius
1099 2715 1164 2778 pro
1192 2698 1305 2762 salute

357 2793 475 2857 muudi
492 2792 667 2874 pependit.
720 2792 850 2855 Eodem
874 2812 964 2856 auno
986 2793 1148 2858 defuncto
1166 2796 1307 2875 Assoro,

358 2892 617 2957 Scireburncnsi
655 2891 825 2969 antistite,
860 2884 1091 2956 ²Suithelmus
1129 2898 1305 2960 successit.

360 2992 430 3057 Hic
449 2993 541 3073 regis
556 2990 690 3054 Aliredi
709 2991 963 3072 eleemosynam
980 2992 1025 3055 ad
1047 3001 1207 3057 sanctum
1223 3014 1306 3078 apo·

358 3093 486 3156 stolum
526 3089 695 3153 Thomam
732 3089 768 3152 in
799 3089 935 3153 Indiam
968 3091 1124 3154 deferens
1160 3093 1307 3178 indeque

359 3210 522 3275 prospere
549 3189 685 3253 rediens
711 3188 839 3252 multos
872 3189 946 3271 regi
977 3191 1147 3273 pretiosos
1176 3192 1307 3278 lapides

360 3289 560 3375 reportavit.

590 3464 639 3526 Do
654 3462 802 3547 mayislro
819 3463 960 3528 Jodouue
975 3466 1072 3530 Scuto.

284 3624 307 3654 α
412 3589 543 3653 Eodem
564 3606 655 3649 anno
678 3585 773 3648 veuit
799 3587 834 3649 in
855 3585 1021 3669 Angliam
1044 3590 1212 3671 magister
1231 3586 1309 3656 ³lo·

247 3675 281 3705 ¹¹⁸'
362 3690 506 3763 hannes,
520 3685 661 3748 natione
683 3683 821 3762 Scotus,
836 3687 890 3749 vir
905 3689 1114 3771 perspicacis
1131 3690 1261 3772 ingenii
1277 3698 1311 3754 et

397 3884 563 3946 ¹illusistis]
589 3883 631 3931 He
652 3881 713 3930 died
738 3884 764 3931 in
784 3885 827 3934 the
851 3902 934 3937 renco.
972 3888 1025 3937 'l'he
1052 3889 1113 3938 Sax.
1143 3890 1237 3941 Chron.
1264 3889 1312 3940 und

363 3956 448 4007 mouth
458 3954 487 4002 oi
496 3954 557 4013 May
571 3956 628 4001 884.
665 3952 715 4000 llis
727 3961 827 4013 present
852 3958 1021 4019 Malmsbury,
1029 3957 1061 4005 de
1070 3958 1312 4022 aestuandum

363 4024 504 4078 terlt'red
519 4024 542 4071 ia
558 4022 723 4071 alsouoticed
740 4024 766 4071 in
783 4024 826 4073 the
851 4026 902 4075 him
922 4028 1051 4089 sighelm
1073 4029 1115 4076 the
1140 4030 1234 4079 former
1246 4032 1312 4093 joina

363 4101 446 4149 Saron
458 4094 561 4152 Chrou„
572 4090 623 4138 and
637 4090 679 4140 the
696 4093 826 4143 remissiou
850 4096 913 4144 with
923 4097 975 4146 him
995 4099 1021 4145 in
1040 4097 1080 4146 his
1097 4099 1202 4148 mission
1214 4099 1313 4150 Aethal-

361 4171 392 4220 ol
401 4164 573 4222 Romeecotby
582 4162 670 4221 Assar,
677 4162 710 4209 ad
718 4167 824 4213 mear.
850 4171 915 4216 stan.

398 4232 601 4294 'Suitlrelmut.]
624 4231 658 4280 so
686 4231 740 4280 also
768 4233 824 4282 Flo·
885 4234 1313 4301 'Jolunmmtimscomdoeff
