3000 5004
352 455 438 520 xviii
742 470 914 518 rnnracn.

191 657 301 697 anon.
351 628 529 712 produxit.
582 629 836 693 Exstinxerunt
852 626 944 691 sitim
961 624 1117 688 homines
1136 624 1305 702 infideles,

190 709 236 748 nus
244 708 268 746 oi

190 758 298 799 aaran.
352 730 412 793 sed
430 728 541 792 adhuc
560 735 675 793 tamen
696 728 883 792 humanum
906 725 1108 806 sanguinem
1126 725 1302 790 sitiebant.

354 827 447 907 Quid
470 829 596 912 plorat
633 848 678 892 ex
700 829 792 892 omni
815 825 944 909 populo
965 824 1120 889 carnifex
1136 844 1226 888 unus
1243 825 1302 889 eli-

353 928 459 1010 gitur,
485 927 544 1011 qui
567 928 679 992 scelus
707 947 778 1010 prae
802 926 961 989 omnibus
980 932 1215 1007 perpetraret;
1245 925 1305 1007 qui

354 1046 436 1091 mox
459 1027 601 1091 summis
618 1028 748 1091 viribus
774 1045 890 1090 ensem
913 1024 1042 1088 librans
1065 1024 1100 1086 in
1122 1025 1304 1103 cervicem,

355 1146 424 1190 nno
452 1127 524 1190 ictu
546 1134 653 1208 caput
678 1126 839 1210 martyris
863 1124 1070 1206 amputavit,
1094 1124 1165 1197 sed,
1194 1125 1304 1188 oculis

355 1225 509 1290 ferientis
525 1226 628 1290 simui
643 1246 720 1291 cum
737 1226 850 1308 capite
869 1223 1032 1308 martyris
1052 1223 1088 1286 in
1105 1230 1231 1287 terram
1246 1244 1305 1288 ca·

355 1324 527 1402 dentibus,
550 1325 625 1408 ipse
647 1333 742 1390 totus
770 1324 916 1390 efficitur
941 1323 1154 1387 tenebrosus.
1207 1321 1305 1388 Crux

356 1444 451 1502 vero,
467 1444 571 1507 quam
587 1424 641 1489 vir
663 1433 804 1490 sanctus
821 1424 954 1508 jugiter
976 1423 1014 1486 in
1034 1423 1193 1487 manibus
1215 1423 1305 1488 ferre

357 1532 595 1600 consueverat,
625 1524 716 1588 felici
743 1524 818 1608 jam
851 1541 973 1587 cruore
1004 1541 1172 1605 respersa,
1201 1541 1307 1605 super

357 1623 498 1687 herbam
521 1621 660 1699 decidit,
683 1642 827 1705 eamque
850 1621 1069 1686 Christianus
1089 1621 1229 1703 quidam
1249 1642 1306 1686 oc·

358 1722 449 1785 culte
472 1721 588 1804 rapuit
615 1728 650 1785 et
674 1721 915 1802 ignorantibus
942 1719 1088 1804 paganis
1114 1720 1305 1787 abscondit.

359 1819 440 1899 Quo
455 1820 560 1897 sacto,
571 1820 670 1884 miles
686 1822 755 1899 ilie,
768 1841 869 1904 quern
884 1821 988 1903 paulo
1006 1826 1086 1883 ante
1102 1821 1305 1885 semivivum

358 1919 487 2002 pagani
510 1920 733 2003 reliquerant,
758 1921 895 1997 annisu,
916 1939 986 2002 quo
1008 1919 1132 2002 potuit,
1155 1928 1306 1984 montem

358 2020 518 2083 manibus
543 2021 711 2102 reptando
733 2020 943 2086 conscendit.
996 2018 1096 2082 Tunc
1113 2019 1224 2103 judex
1243 2020 1307 2084 viri

359 2119 558 2184 vulneribus
588 2120 760 2184 insultans
793 2121 856 2198 ait,
878 2119 1058 2182 ‘Obsecra
1082 2138 1174 2183 nnnc
1198 2117 1309 2183 Alba-

360 2237 455 2296 num,
482 2227 522 2283 ut
544 2239 624 2283 ossa
645 2228 706 2284 tua
731 2220 893 2302 dignetur
913 2218 949 2282 in
970 2224 1100 2281 statum
1123 2216 1307 2301 pristinum

360 2318 570 2385 reformare!
621 2319 743 2400 ‘Ego'
766 2320 890 2402 inquit,
913 2317 1050 2394 ‘credo,
1072 2317 1164 2400 qnod
1184 2318 1308 2382 beatus

361 2418 532 2495 Albanus,
554 2419 627 2481 suis
649 2419 780 2484 sanctis
802 2418 942 2493 meritis,
966 2417 1049 2481 mihi
1070 2418 1199 2500 poterit
1219 2418 1310 2483 inte·

362 2537 460 2599 grani
484 2517 625 2580 reddere
653 2519 837 2582 sanitatem
861 2526 897 2582 et
920 2518 964 2580 ad
991 2518 1205 2581 clementiam
1233 2538 1311 2601 per-

361 2618 486 2681 ducere
508 2616 724 2681 Saivatoris.'
775 2617 875 2682 Tunc
901 2625 1007 2699 caput
1026 2617 1189 2700 martyris
1212 2637 1311 2682 reve·

362 2724 479 2780 renter
496 2735 686 2794 assumens,
707 2717 860 2800 illudque
880 2717 1015 2799 corpori
1035 2717 1182 2781 devotus
1202 2736 1310 2800 appo·

363 2836 461 2893 nens,
486 2816 704 2898 desperatum
720 2818 873 2900 corporis
896 2817 1002 2880 robur
1017 2836 1219 2898 recuperare
1240 2837 1311 2882 coe·

363 2917 427 2997 pit,
450 2923 486 2980 et
502 2935 607 2979 sanus
626 2916 766 2980 effectus
783 2915 911 2980 Albani
933 2917 1093 2979 meritum
1112 2913 1312 2998 Christique

363 3016 566 3097 potentiam,
597 3017 689 3079 omni
719 3015 849 3099 populo
877 3015 1049 3092 audiente,
1078 3035 1147 3079 non
1177 3016 1312 3081 destitit

364 3112 564 3197 praedicare.
610 3114 745 3178 Deinde
768 3123 895 3179 terram
918 3116 1087 3197 aperiens,
1109 3115 1213 3179 humo
1235 3136 1313 3180 cor·

364 3234 429 3296 pus
448 3213 573 3278 Albani
591 3215 713 3296 operit,
731 3222 766 3277 et
782 3213 950 3277 tumulum
966 3214 1115 3297 desuper
1129 3214 1204 3296 ipse
1219 3235 1313 3279 conr-

365 3315 474 3395 ponit.
528 3313 608 3393 Quo
628 3313 715 3390 viso,
738 3313 836 3377 miles
857 3313 916 3376 ille
942 3315 986 3378 ab
1013 3313 1171 3378 hostibus
1199 3317 1311 3380 crucis

365 3414 574 3496 apprehendi
593 3414 747 3497 jubetur,
762 3420 809 3491 et,
828 3412 928 3476 nimis
950 3412 1120 3478 horrendo
1143 3417 1312 3498 supplicio

365 3522 523 3579 sanctum
546 3512 639 3577 illius
666 3533 792 3595 corpus
816 3513 1061 3594 discerpentes,
1085 3515 1129 3577 ad
1153 3516 1311 3579 ultimum

365 3621 472 3693 capnt
494 3610 610 3691 gladio
635 3619 884 3693 amputarunt3
915 3613 1033 3694 sicque
1058 3613 1157 3676 miles
1183 3615 1253 3691 ille,
1277 3617 1312 3678 in

367 3708 434 3772 fide
449 3709 578 3773 Christi
597 3729 833 3792 perseverans,
849 3730 920 3774 una
939 3730 1016 3774 cum
1036 3711 1235 3777 beatissimo
1252 3713 1315 3778 Al-

366 3809 458 3872 bano
484 3828 612 3872 corona
634 3810 789 3892 martyrii
811 3811 936 3874 meruit
956 3809 1146 3874 sublimari.
1199 3811 1314 3879 Nocte

366 3907 474 3990 igitur
495 3908 664 3985 insecuta,
681 3909 758 3973 visa
780 3916 832 3972 est
847 3910 1007 3974 columna
1028 3909 1115 3974 lucis
1138 3931 1158 3975 e
1181 3914 1314 3980 tumulo

366 4009 460 4072 boati
492 4008 655 4092 martyris
683 4008 787 4072 eaelos
817 4018 1010 4090 penetrare,
1036 4030 1099 4093 por
1124 4030 1226 4093 quem
1256 4015 1317 4078 de-

367 4108 569 4172 scendentes
591 4107 706 4190 angeli
732 4116 767 4173 et
792 4110 1017 4174 ascendentes
1042 4119 1177 4174 noctem
1206 4121 1314 4177 totam

366 4208 402 4271 in
418 4208 487 4272 Dei
510 4208 670 4272 laudibus
690 4208 916 4274 deducebant.
970 4209 1068 4274 Inter
1089 4218 1216 4275 caetera
1235 4234 1316 4277 vero
