3000 5004
348 458 413 525 132
606 470 740 519 uocum
767 468 813 518 nr
836 469 1043 518 wunnovnn

401 703 450 766 Dc
466 709 559 765 morte
575 702 654 788 renis
668 700 834 779 Eodwioi,
849 709 877 766 et
891 699 1073 767 deeohnieoc
1082 702 1254 787 provincio

644 799 1000 865 Norttrantomtrorom.

294 974 300 987 .
403 924 508 990 Anno
540 925 663 1007 gratioe
698 942 884 990 ncxxxrv.
915 946 993 990 cum
1025 944 1087 989 rex
1120 925 1305 989 Britonum

272 1101 276 1109 Ι
354 1024 545 1102 Cudwallo,
562 1045 640 1107 quae
663 1026 757 1089 sacta
780 1025 918 1088 fuerant
940 1025 984 1089 de
1011 1025 1152 1101 Pellite,
1174 1045 1304 1107 cogno·

194 2040 265 2080 Battie
273 2039 298 2079 of

193 2090 293 2130 nornen.

194 2435 264 2475 Detth
273 2433 297 2475 ot

195 2486 289 2525 Badrin.

353 1125 474 1201 visset,
492 1124 660 1208 applicuit
684 1125 721 1188 in
744 1125 893 1188 insulam
913 1145 990 1188 cum
1014 1125 1131 1188 decem
1153 1125 1304 1188 millibus

353 1226 514 1302 militum,
529 1232 565 1288 et
584 1225 742 1288 celeriter
761 1223 934 1287 Exoniam
958 1224 1102 1306 petivit3
1127 1232 1305 1289 conserto-

353 1344 420 1407 que
438 1325 557 1407 praelio
572 1323 693 1387 Penda
710 1323 753 1387 de
768 1324 829 1387 tati
844 1324 976 1407 impetu
991 1343 1060 1387 non
1076 1325 1304 1406 premunitus

353 1425 520 1491 continuo
538 1431 661 1506 captus
688 1429 741 1487 est
757 1431 793 1486 et
806 1423 882 1506 ejus
905 1423 1080 1488 exercitus
1103 1423 1305 1504 dissipatus.

354 1522 405 1587 At
421 1523 554 1597 Penda,
564 1543 641 1586 cum
656 1523 760 1585 aliurn
775 1522 943 1587 evadendi
960 1523 1051 1586 riam
1067 1542 1135 1585 non
1150 1522 1305 1599 haberet,

354 1621 571 1686 Cadwulloni
584 1621 783 1686 fidelitatem
796 1622 931 1704 juravit
944 1630 979 1687 et
999 1621 1136 1686 obsides
1159 1622 1201 1684 de
1223 1623 1306 1685 suh·

350 1720 504 1804 jectione
535 1721 679 1798 invenit,
715 1728 820 1804 atque
855 1723 1056 1786 convocatis
1091 1721 1304 1797 Britonihus,

357 1819 539 1884 Cudwullo
569 1840 647 1884 curn
679 1840 760 1902 rege
796 1821 1005 1884 Merciorum
1044 1820 1306 1885 Northanhum-

354 1919 465 1983 briam
489 1919 614 2002 petivit
635 1920 853 2002 patriamque
879 1922 971 2001 regis
999 1920 1158 1983 Eadwini
1181 1919 1305 1984 devas-

355 2027 431 2084 tare
463 2019 582 2101 coepit.
649 2018 751 2097 Quod
794 2039 872 2083 cum
902 2019 1070 2083 Eadwino
1108 2020 1305 2083 nuntiatum

355 2118 478 2183 suisset
500 2120 536 2181 in
558 2138 693 2200 campo,
709 2112 779 2200 'qui
801 2118 988 2182 Heethseld
1013 2119 1223 2202 appellatur,
1245 2120 1306 2183 oh-

355 2219 448 2282 vium
470 2217 612 2282 veniens
639 2238 716 2281 cunr
740 2218 942 2282 Britonihus
967 2218 1096 2282 bellum
1112 2218 1305 2298 commisit3

355 2323 404 2394 et,
426 2324 586 2383 conserto
604 2318 737 2400 praelio,
759 2318 946 2381 Eadwinus
970 2316 1171 2382 interfectus
1194 2325 1249 2382 est
1270 2326 1307 2382 et

356 2416 431 2499 ejus
458 2417 631 2480 exercitus
662 2416 846 2480 crudeliter
876 2417 1071 2495 luceretus3
1095 2418 1219 2481 cecidit
1246 2438 1308 2482 au·

356 2523 425 2579 tem
448 2515 636 2578 Eadwinus
654 2524 689 2578 et
704 2516 794 2579 filius
818 2516 894 2600 ejus
909 2510 1080 2580 ²Offridus
1100 2536 1178 2580 cum
1194 2510 1309 2582 ³God·

354 2614 459 2677 huldo
489 2634 569 2695 rege
598 2614 794 2677 Orchadum
818 2623 944 2699 quarta
968 2616 1023 2680 die
1049 2616 1168 2680 iduum
1198 2616 1306 2681 Octo·

355 2713 438 2776 bris.
476 2706 647 2775 ⁴Allatum
663 2722 718 2777 est
732 2724 847 2779 autem
863 2723 969 2798 caput
984 2716 1142 2780 Eadwini
1156 2716 1199 2779 ud
1213 2716 1306 2780 Eho·

356 2831 472 2876 racum
491 2820 526 2875 et
543 2813 578 2875 in
594 2814 740 2877 ecclesia
757 2816 849 2878 beuti
867 2814 964 2879 Petri
979 2835 1083 2898 quam
1095 2817 1170 2898 ipse
1185 2816 1307 2879 sunda-

356 2919 455 2976 verat
470 2912 682 2977 reconditum
708 2922 772 2977 est.
827 2915 938 2979 Facta
959 2925 1014 2979 est
1030 2923 1146 2980 autem
1168 2924 1306 2999 strages

354 3013 509 3075 maxime
525 3013 560 3075 in
577 3013 723 3077 ecclesia
738 3022 774 3077 et
785 3023 888 3095 gente
899 3014 1303 3096 Northanhumbrorum3

355 3111 525 3194 siquidem
548 3110 670 3176 Penda
687 3133 750 3176 rex
764 3113 973 3177 Merciorum
995 3115 1098 3178 idolis
1115 3115 1254 3180 deditus
1270 3124 1306 3180 et

355 3211 544 3277 Christiani
567 3212 715 3275 nominis
738 3214 877 3294 penitus
903 3214 1047 3295 ignarus
1071 3214 1159 3277 nulli
1188 3233 1307 3297 parce·

354 3311 427 3387 bat,
461 3312 520 3392 qui
551 3330 668 3375 omnes
697 3312 827 3375 Christi
858 3312 976 3376 fidelos
1004 3312 1121 3377 hostes
1150 3313 1307 3396 publicos

194 3427 311 3479 euenor
355 3413 550 3493 reputabat.
604 3411 783 3475 Cadwallo
801 3431 896 3489 vero,
915 3413 1074 3494 quamvis
1097 3432 1223 3476 nomen
1246 3412 1308 3476 ha·

194 3480 306 3522 cudrado.

355 3511 453 3574 beret
477 3518 513 3574 et
539 3510 787 3593 professionem
809 3509 1011 3588 Christiani,
1034 3511 1121 3575 adeo
1143 3514 1309 3576 barbarus

391 3695 464 3753 ¹Qui
476 3697 628 3761 Heethseld]
640 3699 693 3746 The
705 3699 783 3747 battle
794 3701 823 3749 of
844 3701 995 3751 afterwards
1012 3708 1100 3764 putto
1119 3702 1196 3753 death
1217 3705 1243 3754 in
1266 3705 1309 3754 the

355 3766 479 3827 Hattieid,
488 3767 625 3828 according
633 3771 658 3814 to
671 3767 751 3830 Beda,
759 3771 818 3818 took
844 3774 916 3834 reign
927 3773 957 3821 oi
965 3772 1082 3822 Oewuld.
1098 3774 1112 3836 ξ
1124 3777 1180 3823 146.

355 3835 428 3897 place
436 3851 468 3883 on
480 3836 522 3884 the
534 3836 583 3896 day
596 3836 655 3885 here
667 3839 819 3901 mentioued,

354 3905 436 3952 hutiu
447 3905 489 3953 the
505 3907 624 3968 previous
641 3921 719 3967 year;
736 3908 819 3971 tito,

352 3979 415 4023 note.

387 4041 399 4074 ²
412 4043 549 4108 offridus]
568 4045 713 4108 According
731 4051 757 4094 to
775 4047 818 4096 the
877 4044 888 4077 ⁴
901 4047 1010 4096 dilutum
1021 4047 1080 4109 eet]
1091 4046 1154 4095 This
1166 4053 1275 4097 account
1284 4047 1315 4097 oi

352 4128 421 4164 sume
432 4115 571 4176 authority,
579 4114 677 4165 Ossrith
685 4131 740 4165 was
752 4117 817 4166 elain
842 4116 885 4165 the
893 4117 1310 4178 stateoiNorthumherland,with

350 4185 378 4233 in
394 4186 436 4234 the
458 4185 547 4244 battle,
563 4187 613 4234 aud
636 4187 740 4235 another
762 4202 817 4248 son,
842 4187 883 4235 the
896 4193 981 4235 return
992 4187 1021 4235 oi
1031 4186 1158 4235 Paulinus
1169 4185 1310 4250 following,

352 4254 469 4321 Eadirhi,
480 4255 528 4304 tied
542 4260 567 4304 to
581 4256 681 4320 Peudu,
692 4256 750 4306 who
760 4272 816 4307 was
841 4271 884 4305 ure
896 4257 959 4305 irum
972 4257 1054 4318 Beda,
1066 4256 1080 4321 ς
1093 4260 1150 4320 itt,
1161 4271 1210 4320 uo.

879 3872 890 3905 ³
903 3875 1051 3993 (ζοάὁαὶάοῂ
1066 3875 1142 3927 Geos.
1154 3876 1252 3926 Meum.
1263 3876 1309 3926 xii.

843 3959 900 4006 cap.
932 3980 938 3994 .
