3000 5004
373 445 439 510 268
634 460 768 508 nocam
793 462 840 507 nu
864 461 1072 510 wannovan

526 694 669 774 Qualiter
683 716 737 759 ree
751 696 935 760 Britdre'cas
950 716 1059 760 roomo
1067 697 1177 781 periit.

209 834 320 927 gm-
423 818 528 885 Anno
546 820 688 884 Domini
705 837 840 884 ncocn.
853 813 1078 896 ¹Brithricus,
1093 840 1157 884 rex
1169 821 1331 885 occiden-

210 936 327 980 smnuo.
372 920 494 984 talium
512 919 703 995 Saxonum,
718 938 853 983 veneno
874 919 978 1002 periit
998 920 1035 982 in
1056 918 1149 984 hunc
1166 921 1328 1000 modum3

373 1018 511 1084 Habuit
526 1039 589 1082 rex
603 1019 682 1095 iste,
698 1026 737 1082 ut
753 1019 912 1100 superius
928 1018 1076 1082 relatum
1091 1027 1157 1096 est,
1171 1021 1327 1101 reginam

372 1119 512 1183 nomine
528 1118 764 1199 Eadburgam‚
774 1117 862 1181 Offae
875 1117 967 1198 regis
978 1116 1188 1183 Marciorum
1205 1119 1326 1196 filiam,

372 1238 451 1301 quae
468 1217 587 1281 multis
609 1216 751 1280 suffulta
766 1216 967 1293 honoribus,
989 1217 1084 1280 miris
1109 1237 1147 1281 se
1163 1219 1325 1283 ambitio·

261 1362 267 1367 -
372 1319 474 1382 nibus
498 1317 712 1395 extollebat3
748 1334 828 1380 nam
850 1323 1009 1380 materna
1029 1317 1213 1399 tyrannide
1236 1314 1324 1382 inci·

372 1426 459 1494 tata,
478 1435 596 1481 omnes
613 1415 656 1479 de
679 1435 787 1497 regno
812 1415 957 1499 nobiles,
980 1415 1159 1481 ordinatos
1177 1423 1214 1480 et
1228 1417 1324 1482 viros

371 1518 565 1599 religiosos,
588 1515 632 1578 ad
652 1534 768 1596 regem
793 1532 958 1578 accusare
980 1522 1017 1579 et
1041 1516 1217 1581 exsecrari
1240 1536 1325 1581 con·

371 1616 498 1693 suevit,
527 1615 618 1679 unde
643 1621 678 1679 et
701 1612 914 1698 principibus
939 1614 1086 1679 ducibus
1111 1634 1236 1698 perosa
1262 1636 1326 1680 ex·

370 1716 473 1791 stitit,
490 1734 569 1778 eum
593 1715 814 1795 magnatibus
836 1722 872 1778 et
893 1713 1031 1796 populis
1056 1714 1249 1795 universis3
1276 1716 1325 1780 si·

369 1815 507 1897 quidem
533 1813 690 1877 malefica
712 1814 773 1878 illa
789 1815 840 1878 ita
861 1833 977 1895 regem
999 1813 1167 1879 instruxit
1188 1814 1326 1879 blandi-

369 1914 440 1991 tiis,
466 1922 507 1978 ut
531 1913 610 1977 illos
632 1931 720 1994 quos
744 1913 932 1977 accusabat
951 1919 1014 1977 aut
1037 1913 1110 1978 vita
1130 1921 1192 1979 aut
1213 1934 1323 1997 regno

368 2013 552 2096 privabat3
575 2020 611 2076 et
633 2012 663 2075 si
679 2012 745 2076 hoc
767 2030 789 2075 a
806 2030 888 2093 rege
904 2012 1089 2094 impetrare
1107 2033 1176 2077 non
1192 2015 1321 2096 potuit,

367 2133 500 2178 veneno
518 2132 578 2176 eos
594 2112 683 2175 clam
698 2110 841 2194 perdere
856 2111 1048 2178 consuevit.
1101 2112 1188 2177 Erat
1203 2121 1321 2179 autem

367 2213 488 2278 eodem
511 2219 667 2295 tempore
691 2211 894 2275 adolescens
916 2211 1056 2293 quidam
1080 2231 1206 2294 genere
1231 2233 1323 2295 prm·

367 2313 482 2377 clarus
508 2330 550 2375 ac
575 2310 767 2393 reginalde
789 2309 970 2374 familiaris
993 2318 1029 2376 et
1051 2313 1323 2392 amantissimus,

367 2431 469 2495 quem
494 2430 572 2474 cum
596 2410 754 2474 malefica
780 2411 902 2493 regina
925 2429 1090 2475 accusare
1113 2431 1184 2476 non
1197 2412 1322 2492 valuit,
1369 2471 1371 2475 ,

366 2529 500 2575 veneno
524 2510 621 2573 illum
641 2510 817 2589 extinxit3
842 2510 885 2574 de
908 2530 977 2592 quo
999 2530 1134 2576 veneno
1155 2531 1234 2575 cum
1258 2532 1321 2578 rex

366 2610 569 2690 ignoranter
592 2616 770 2690 gustasset
802 2610 953 2674 animam
982 2610 1097 2674 subito
1126 2611 1320 2693 exhalavit,

366 2727 428 2771 nec
456 2715 571 2771 tamen
598 2708 660 2771 illa
686 2710 760 2791 regi
784 2709 867 2772 dare
895 2717 1123 2793 proposuerat
1154 2712 1318 2794 poculum

365 2808 499 2884 mortis,
519 2806 583 2896 sed
604 2807 827 2885 adolescenti,
849 2816 1075 2873 veruntamen
1097 2811 1199 2875 ambo
1222 2813 1318 2878 hibe·

365 2916 446 2972 runt
465 2915 501 2971 et
518 2915 603 2990 potu
621 2907 817 2971 venenifero
839 2909 1027 2991 perierunt.
1073 2908 1172 2992 Rege
1195 2910 1317 2996 itaque

363 3007 399 3070 in
416 3007 507 3071 huno
524 3008 663 3071 modum
683 3014 875 3090 perempto,
898 3007 1022 3071 mulier
1038 3009 1251 3091 nequissima
1274 3014 1319 3078 ti·

364 3127 459 3171 more
482 3107 665 3190 perterrita
684 3106 821 3188 fugiens
843 3126 921 3170 cum
945 3107 1117 3172 thesauris
1138 3109 1317 3193 impretia-

363 3206 489 3271 bilihus
521 3226 616 3270 mare
648 3206 799 3283 transiit,
827 3213 863 3271 et
892 3205 1068 3285 Carolum,
1101 3207 1316 3277 Francorum

363 3326 493 3388 regem,
516 3306 635 3370 adiens
657 3306 766 3368 multa
790 3306 822 3369 ei
848 3307 954 3370 xenia
979 3309 1225 3389 praesentavit;
1259 3313 1317 3376 cui

363 3425 440 3469 cum
473 3404 628 3470 adstaret
659 3406 749 3468 inter
784 3405 945 3468 mulieres
978 3406 1200 3489 nequissima,
1234 3409 1316 3476 licet

363 3504 617 3586 pulchritudine
634 3504 875 3586 pulcherrima,
890 3505 942 3568 sid
957 3525 1021 3569 rex
1037 3523 1114 3569 eam
1130 3507 1316 3575 adlocutus

363 3603 425 3679 ait,
441 3608 451 3637 ‘
468 3602 580 3683 Elige,
598 3604 797 3684 Eadhurga,
812 3622 915 3685 quem
933 3604 1095 3682 volueris,
1115 3606 1171 3669 vel
1188 3627 1245 3673 me
1258 3610 1316 3674 vel

363 3701 468 3763 tilium
492 3720 617 3778 meum,
634 3703 694 3782 qui
714 3702 797 3765 mihi
820 3703 937 3768 adstat
959 3704 995 3766 in
1014 3703 1153 3782 solario,
1168 3706 1204 3768 in
1222 3709 1314 3773 soci·

362 3807 489 3863 etatem
515 3801 671 3882 accipere
697 3802 917 3886 conjugalem
934 3801 954 3882 3'
987 3811 1025 3867 at
1050 3804 1111 3868 illa
1132 3805 1208 3869 sine
1229 3807 1317 3873 deli-

395 4038 404 4071 ¹
420 4041 595 4106 Brittaniam]
623 4044 677 4092 The
698 4042 774 4091 death
797 4041 826 4091 of
845 4040 910 4091 from
926 4041 1015 4104 Aeser,
1029 4041 1088 4091 who
1110 4048 1190 4094 states
1209 4045 1265 4096 that
1281 4048 1314 4098 he

360 4112 491 4161 Beorhtrio
503 4113 525 4160 is
536 4112 657 4160 recorded
669 4113 695 4159 in
706 4111 748 4160 the
760 4112 820 4161 Sax.
846 4112 897 4160 had
906 4111 1022 4161 received
1030 4113 1051 4160 it
1056 4111 1119 4161 from
1126 4112 1249 4178 Aelfred3
1260 4117 1314 4169 vit.

359 4181 452 4230 Ghron.
476 4183 501 4229 in
519 4186 575 4230 800.
619 4181 673 4229 The
696 4187 774 4244 story,
792 4197 822 4231 as
846 4182 914 4233 Aeli.
926 4181 968 4233 ed.
980 4181 1060 4245 wne,
1071 4196 1097 4244 p.
1106 4186 1147 4233 1⁰.

358 4250 417 4300 here
429 4251 481 4300 told
493 4252 527 4313 by
539 4252 690 4317 Weudover,
704 4253 726 4302 is
742 4253 820 4303 taken
