3000 5004
411 452 549 500 smnus
573 453 842 502 nrsronmnuu.
1039 439 1104 505 201

151 621 205 677 ret
226 613 516 693 commissornm3
548 621 587 677 at
609 613 666 677 ille
690 614 879 697 respondit,
898 633 935 678 se
960 624 1104 697 peccata

151 712 245 777 nolle
262 712 419 777 confiteri
440 720 626 795 antequam
647 713 691 776 ab
707 713 905 777 infirmitate
923 715 1103 780 convales-

152 820 257 889 ceret,
281 831 325 875 ne
352 812 418 874 sibi
441 811 579 876 sodales
604 814 865 894 exprobrarent,
891 813 983 895 quod
1009 823 1104 880 metu

152 912 274 976 mortis
304 911 370 974 hoc
395 911 547 991 iaceret;
579 932 738 995 cumque,
772 914 892 977 morbo
925 913 1105 995 ingraves-

152 1021 264 1088 cente,
285 1031 347 1074 rex
372 1011 485 1074 denuo
508 1011 551 1074 ad
576 1030 654 1074 eum
674 1012 927 1075 exhortandum
945 1013 1103 1092 intraret,

150 1111 257 1192 coepit
286 1110 345 1174 ille
374 1111 560 1174 miserabili
583 1129 669 1174 voce
699 1110 860 1187 clamare,
887 1109 1003 1188 ‘Quid
1036 1113 1103 1178 huc

151 1210 298 1288 venisti3
322 1229 391 1273 non
416 1210 547 1293 aliquid
578 1210 741 1273 utilitatis
764 1218 825 1273 aut
853 1210 977 1275 salutis
1003 1219 1102 1294 potes

151 1310 244 1373 ultra
255 1308 446 1373 conferrel'
474 1308 530 1373 Ad
541 1329 644 1393 quem
658 1328 733 1385 rex,
750 1307 881 1387 ‘Noli,’
891 1311 1016 1392 inquit,
1031 1311 1103 1377 ‘ita

152 1409 260 1491 loqui,
276 1408 354 1472 vide
367 1417 406 1473 ut
416 1427 539 1498 sanum
554 1408 693 1497 sapias!
744 1413 754 1442 ‘
772 1407 1012 1491 Non,’inquit,
1030 1411 1101 1473 ‘ln·
1113 1427 1195 1471 visun.

152 1509 262 1586 sanio,
296 1508 356 1572 sed
371 1538 375 1547 ·
393 1498 576 1590 pessimam
609 1508 853 1571 conscientiam
887 1528 960 1590 pree
992 1510 1103 1575 oculis

152 1607 285 1686 babe0;
305 1627 383 1671 nam
397 1608 504 1690 paulo
518 1615 705 1690 antequam
722 1608 869 1684 venires,
884 1607 1102 1675 intraverunt
1129 1684 1133 1692 ⁵
1200 1638 1202 1642 ⁴

152 1706 291 1771 domum
321 1707 410 1772 hanc
444 1708 513 1770 duo
539 1707 688 1791 juvenes
716 1714 752 1770 et
778 1706 973 1771 residerent
995 1708 1104 1791 juxta

151 1825 217 1883 me,
239 1826 329 1870 unus
348 1807 392 1870 ad
416 1815 576 1889 caputet
600 1806 689 1870 alter
711 1805 755 1869 ad
778 1805 895 1888 pedes,
913 1808 1102 1888 protrahit·

151 1925 219 1987 que
244 1926 335 1969 unus
365 1905 520 1969 libellum
547 1905 791 1988 perpulchrum
815 1906 875 1969 sed
898 1906 1000 1969 valde
1027 1927 1104 1972 mo··

150 2004 264 2069 dicum
282 2006 326 2069 ad
342 2005 538 2086 legendum,
555 2006 676 2088 inquo
693 2005 820 2082 omnia,
836 2024 914 2088 quae
932 2004 1101 2072 hactenns

150 2105 241 2169 bona
273 2105 424 2182 fecerim,
456 2105 586 2187 scripta
613 2105 736 2186 reperi,
769 2104 829 2186 qui
866 2105 1017 2168 codicem
1046 2126 1099 2170 re·

149 2206 334 2286 spicientes
364 2205 449 2268 nihil
472 2205 652 2282 dicebant3
684 2222 725 2266 ac
755 2202 870 2267 subito
901 2206 1101 2286 supervenit

149 2305 323 2368 exercitus
357 2304 589 2385 malignorum
620 2303 803 2384 spirituum
835 2304 1099 2385 teterrimornm,

149 2405 209 2486 qui
224 2403 363 2468 domum
386 2403 475 2467 hanc
496 2403 649 2466 exterius
674 2401 808 2465 obsedit
825 2408 861 2465 et
875 2402 970 2466 intus
985 2405 1098 2471 maxi-

148 2522 205 2567 ma
223 2523 268 2567 ex
291 2513 391 2586 parte
415 2502 568 2566 residens
590 2502 758 2584 implevit
810 2500 909 2564 Tunc
930 2522 1020 2566 unus
1041 2523 1098 2568 eo-

147 2622 223 2687 rum
248 2604 458 2680 teterrimus,
486 2602 545 2684 qui
569 2602 680 2684 major
705 2601 899 2677 videbatur,
920 2602 1098 2684 proferens
1196 2684 1199 2690 ἡ

146 2701 299 2766 codicem
331 2702 479 2765 horridae
505 2701 648 2765 visionis
679 2709 714 2764 et
739 2701 889 2764 enormis
921 2686 1097 2784 magnitu-
1197 2716 1199 2720 ‘
1255 2714 1259 2721 ‘

146 2801 249 2878 dinis,
268 2802 497 2883 ponderisque
521 2820 620 2882 paene
643 2800 884 2882 importabilis,
904 2799 1012 2883 jussit
1037 2802 1096 2866 uni

146 2921 190 2965 ex
216 2900 424 2964 satellitibus
456 2902 528 2964 suis
549 2900 631 2963 mihi
659 2901 702 2963 ad
731 2899 915 2980 legendum
943 2898 1095 2981 deferre3

145 3019 248 3083 quem
273 3020 350 3065 cum
375 3000 549 3081 legissem,
577 2999 693 3063 inveni
721 3000 836 3062 omnia
859 2998 1002 3076 scelera,
1026 3020 1095 3064 non

144 3101 256 3165 solum
280 3120 358 3182 quae
388 3119 491 3180 opere
514 3098 570 3162 vel
593 3100 709 3174 verbo,
730 3097 788 3161 sed
812 3099 916 3161 etiam
940 3117 1018 3180 quae
1045 3106 1096 3163 te·

145 3201 312 3263 nuissima
332 3199 544 3280 cogitatione
563 3199 717 3280 peccavi,
743 3196 1021 3259 manifestissime
1045 3205 1094 3262 te·

146 3298 240 3362 tricis
262 3300 297 3361 in
323 3319 364 3362 eo
390 3299 498 3362 literis
521 3316 596 3360 esso
621 3297 836 3376 conscripta;
865 3296 1095 3379 dicebantque

145 3399 188 3461 ad
206 3399 297 3476 illos,
317 3399 377 3481 qui
398 3398 482 3460 mihi
505 3397 723 3471 adsederant,
740 3394 833 3457 viros
851 3394 1037 3476 praeclaros
1059 3406 1095 3461 et

145 3498 293 3573 albatos,
322 3496 440 3575 ‘Quid
472 3496 528 3559 hic
555 3495 695 3572 sedetis,
722 3494 870 3558 scientes
904 3495 1095 3559 certissime

145 3597 236 3679 quod
249 3604 367 3660 noster
377 3605 430 3662 est
439 3595 545 3659 istel’
585 3592 886 3677 Responderunt,‘
903 3593 1031 3658 Verum
1043 3595 1094 3658 di-

142 3696 240 3774 citis;
265 3696 411 3778 accipite
425 3695 508 3759 etin
527 3695 700 3758 cumulum
718 3694 951 3757 damnationis
968 3702 1094 3759 vestrae

143 3795 328 3860 adducite'
380 3795 568 3875 Surgentes
589 3802 704 3857 autem
720 3793 789 3856 duo
807 3793 1007 3875 nequissimi
1024 3795 1094 3877 spi-

141 3895 229 3959 ritus
255 3894 422 3959 habentes
449 3894 564 3958 furcas
594 3894 630 3955 in
658 3893 818 3955 manibus
848 3903 1093 3974 percusserunt

142 4014 208 4072 me,
233 4014 322 4057 unus
349 3995 384 4057 in
411 3995 526 4075 capite
550 4000 585 4057 et
612 3992 702 4055 alius
724 3993 758 4054 in
784 3990 882 4073 pede,
906 3993 964 4073 qui
991 3992 1093 4057 modo

140 4114 219 4158 cum
244 4097 400 4158 cruciatu
426 4112 553 4173 magno
580 4092 846 4155 interioramea
869 4092 986 4153 omnia
1009 4092 1092 4155 irre-

140 4201 250 4276 punt;
269 4195 386 4277 itaque
402 4213 482 4256 mox
499 4200 538 4255 ut
555 4191 597 4254 ad
616 4191 762 4255 invicem
781 4189 1011 4271 pervenerint,
1023 4209 1094 4254 mo-
