3000 5004
404 479 543 527 rcoass
567 479 837 529 ursroamnuu.
1035 464 1100 529 509

152 643 293 700 tuorunt
324 638 483 700 comitem
512 637 605 700 illius
637 635 824 719 provinciae
851 629 1100 716 ¹Mercherum,

151 735 258 798 filiurn
276 734 401 817 Algari
426 737 589 811 consulis,
610 736 684 816 regi
707 737 919 813 nuntianteS,
935 737 1026 819 quod
1050 738 1102 819 ip-

152 854 228 897 sum
263 836 299 898 in
331 836 498 899 comitatu
530 836 772 914 confirmaret3
807 835 898 917 quod
929 855 1006 898 cum
1038 855 1102 899 rex

154 933 367 998 Eadwardus
390 936 582 1011 annuisset,
608 934 751 997 Tostius
777 953 859 998 mox
886 953 964 997 cum
991 954 1101 997 uxore

153 1051 218 1095 sua
240 1033 276 1095 in
301 1033 501 1097 Flandriam
523 1033 665 1096 divertit
687 1033 730 1095 ad
753 1033 913 1096 comitem
931 1034 1103 1096 Baldewi-

153 1151 247 1206 num,
280 1139 315 1195 et
347 1133 438 1214 apud
477 1140 635 1196 sanctum
672 1129 909 1195 Audomarum
946 1131 1103 1215 hyemem

154 1231 334 1311 transegit.

241 1401 291 1467 De
304 1401 493 1468 dedicatione
509 1402 688 1466 mosterii
705 1400 784 1468 beati
800 1388 894 1468 Petri·
910 1412 999 1468 astro
1101 1489 1103 1493 Ι

535 1502 725 1567 Londoaiac.

203 1625 307 1691 Anno
330 1626 472 1691 Domini
496 1642 626 1690 nruxv1.
644 1646 707 1689 rex
723 1624 916 1707 Anglorum
941 1626 1238 1691 Badium-rnna.
1338 1640 1342 1646 ’

154 1724 230 1800 dus,
262 1726 297 1787 in
331 1726 515 1790 nativitate
545 1726 699 1802 Domini,
722 1726 853 1789 curiam
884 1745 983 1790 suam
1011 1727 1103 1808 apud
1115 1699 1261 1795 l‘lllllh

153 1822 501 1888 westmonasterium
524 1826 636 1889 tenuit
658 1834 693 1888 et
710 1825 902 1902 ecclesiam,
919 1837 1023 1908 quam
1040 1845 1104 1890 ex·
1115 1800 1212 1890 lilla

153 1928 208 1985 tra
227 1925 345 1986 urbem
363 1924 618 1989 Londoniarum
634 1943 656 1987 a
670 1923 903 1988 fundamentis
917 1932 1104 1991 construx-

154 2028 241 2097 erat,
258 2023 293 2085 in
317 2024 371 2086 die
389 2033 587 2088 sanctorum
606 2022 860 2100 Innocentium,
880 2023 916 2086 in
939 2022 1104 2087 honorem

154 2122 266 2183 sancti
289 2121 387 2185 Petri
410 2122 647 2204 apostolorum
674 2122 850 2203 principis,
874 2140 951 2184 cum
978 2140 1105 2203 magna

156 2219 268 2299 gloria
285 2213 453 2283 ²dedicari
471 2221 573 2298 fecit3
599 2220 659 2283 sed
683 2221 773 2283 inter
791 2219 987 2302 hujusmodi
1010 2220 1105 2283 dedi-

156 2317 303 2380 cationis
322 2317 448 2381 festiva
470 2319 639 2393 solennia,
656 2326 691 2382 et
707 2325 800 2394 ante,
816 2318 907 2381 idem
923 2338 986 2381 rex
1004 2319 1103 2400 gravi

156 2416 357 2480 infirmitate
384 2417 545 2481 detentus
574 2416 699 2481 fuerat.
752 2416 942 2498 Ingruente
972 2419 1104 2494 morbo,

158 2515 248 2578 lecto
268 2515 441 2591 decubuit,
458 2517 494 2580 iu
514 2536 583 2599 quo
608 2535 684 2580 cum
707 2535 769 2598 per
792 2516 933 2579 biduum
956 2516 1105 2597 elinguis

157 2622 193 2679 et
218 2615 317 2697 quasi
344 2615 513 2678 exanimis
540 2616 720 2699 jacuisset,
748 2614 804 2678 die
834 2615 938 2679 tertia
961 2616 1056 2680 velut
1084 2632 1106 2681 a

158 2721 268 2778 morte
293 2715 532 2791 resuscitatus,
554 2715 708 2796 graviter
735 2722 771 2778 et
795 2713 967 2797 profunde
993 2716 1104 2798 suspi-

155 2832 235 2876 rans
251 2813 312 2890 ait,
327 2808 356 2848 ³‘
369 2814 490 2890 Deus,'
504 2814 629 2897 inquit,
650 2814 903 2895 ‘omnipotens,
919 2815 949 2877 si
966 2835 1035 2878 non
1053 2823 1108 2881 est

157 2910 272 2975 illusio
303 2912 535 2994 phantastica,
563 2913 624 2976 sed
652 2913 741 2976 visio
768 2931 863 2989 vera,
892 2933 995 2994 quam
1022 2913 1106 2991 vidi,

157 3010 306 3074 concede
328 3011 411 3074 mihi
434 3010 635 3074 facultatem
658 3029 733 3073 eam
756 3009 974 3074 adstantibus
997 3030 1105 3092 expo·

158 3108 273 3183 nendi,
301 3109 368 3186 vel,
398 3109 428 3171 si
457 3108 673 3172 econtrario
699 3108 745 3170 sit
774 3107 875 3184 falsa,
906 3109 989 3172 mihi
1019 3129 1106 3192 rogo

156 3208 357 3272 facultatem
388 3207 572 3271 subtrahas
602 3206 770 3270 referendi
782 3205 801 3285 ;'
833 3207 893 3270 sed
924 3228 1006 3272 mox
1031 3228 1107 3273 ora·

160 3307 253 3371 tione
285 3307 396 3385 finita,
425 3307 587 3388 expedite
619 3306 706 3370 satis
742 3313 777 3370 et
807 3314 927 3388 aperte
960 3307 1106 3390 loquens

158 3405 260 3484 dixit,
284 3407 431 3484 ‘Du0s‚’
448 3407 573 3488 inquit,
591 3407 716 3470 ‘modo
733 3406 921 3469 monachos
936 3405 1007 3469 vidi
1022 3407 1106 3471 mihi

50 3575 52 3578 ,
159 3504 338 3583 adsistere,
366 3524 453 3589 quos
481 3506 681 3570 adolescens
713 3504 795 3567 olim
825 3505 862 3567 in
888 3504 1107 3570 Normannia

157 3603 310 3668 videram
332 3604 588 3687 religiosissime
610 3604 740 3668 vixisse
762 3611 798 3668 et
814 3602 1107 3669 Christianissime

192 3815 383 3888 ¹biarchorum]
394 3821 403 3850 ⁴
413 3816 549 3881 Moriere,
556 3821 617 3871 Sax.
643 3835 711 3882 upon
722 3820 764 3869 the
771 3819 918 3869 foundation
924 3820 954 3869 of
961 3821 988 3871 S.
998 3821 1108 3885 Peter'r,

156 3889 251 3941 Chrou.
271 3891 305 3939 ad
324 3905 365 3940 au.
385 3895 465 3952 10643
487 3891 618 3939 ‘Marche-
644 3890 1110 3953 Westmiuster,arepriutedby8pel-

156 3960 231 4022 rum,'
265 3960 442 4022 lluntiugdon.
487 3959 618 4022 Compare
643 3959 818 4021 man,Concil.
830 3963 924 4021 ucat.

157 4029 315 4091 Malmsb.p.
328 4032 385 4079 84³.
676 4025 782 4090 θυαε,
803 4029 893 4091 inquit,
920 4028 1106 4093 minatam]

191 4097 514 4162 'Dedirorifecit.]SoSax.
522 4097 616 4149 chron.
644 4096 769 4160 Compare
785 4097 945 4158 Malmsbury
956 4099 1006 4146 and
1017 4097 1107 4147 Ailrod

155 4168 208 4217 and
223 4168 266 4217 the
279 4173 339 4218 rest.
376 4169 499 4230 Compara
509 4169 618 4230 Tyrrell,
643 4167 760 4216 abbotol
773 4167 908 4229 Ricvaulx,
920 4167 945 4216 iu
960 4167 1000 4216 his
1016 4167 1061 4216 life
1079 4168 1109 4217 of

155 4238 173 4288 i.
192 4254 218 4300 p.
237 4242 278 4289 ⁰³.
311 4237 365 4287 'l'he
384 4240 496 4288 charters
512 4238 616 4302 bearing¹
645 4237 782 4288 Eadward.
