3000 5004
600 430 775 478 rnorncn.
1105 423 1167 485 xxj

202 608 240 652 se
264 587 343 651 frdei
366 587 604 664 subdiderunt,
627 588 766 653 excelsa
789 608 872 652 voce
899 590 1012 654 Deum
1037 593 1162 675 depre·
1178 609 1286 649 art-³⁰⁴·

202 695 336 764 cantes,
361 697 399 751 ut
416 688 546 752 meritis
568 688 661 751 beati
685 689 845 770 martyris
859 697 894 752 et
911 689 1160 757 intercessione
1174 660 1281 749 giliis·

204 795 345 851 aeternae
374 789 455 851 vitae
486 788 671 870 participes
698 787 769 851 fieri
802 798 1024 855 mererentur.
1079 791 1159 870 Quo

204 888 359 969 cognito,
386 886 615 969 spiculatores
642 886 734 950 mille
757 886 849 950 viros
878 890 980 952 morti
1011 891 1160 956 tradide·
1214 902 1216 909 '

206 996 300 1061 runt,
321 987 424 1050 beato
448 983 658 1068 Amphibalo
681 987 849 1062 intuente,
872 1005 1059 1071 eorumque
1085 994 1160 1055 ani-

206 1104 280 1149 mas
300 1085 451 1149 Domino
473 1085 745 1149 commendante.
800 1085 868 1148 His
885 1085 934 1150 ita
950 1090 1071 1169 gestis,
1092 1090 1159 1154 fer-

208 1192 291 1248 vent
311 1185 407 1267 impii
433 1184 468 1246 in
502 1205 619 1249 necem
650 1185 854 1260 innocentis,
882 1194 926 1262 et,
954 1195 992 1250 ut
1018 1189 1156 1252 beatum

205 1283 366 1367 spiritum
403 1283 557 1368 ejiciant,
592 1302 757 1347 saxorum
795 1282 963 1363 grandine
1004 1288 1159 1365 graviter

206 1391 452 1466 conquassant.
505 1383 571 1447 llle
589 1401 684 1458 vero,
711 1383 747 1445 in
771 1383 928 1445 oratione
957 1385 1157 1464 persistens,

207 1483 326 1546 necin
349 1491 483 1565 partem
501 1482 645 1547 alteram
663 1480 718 1545 vel
741 1480 784 1544 ad
808 1480 926 1543 heram
950 1481 1156 1564 declinavit;

207 1582 280 1659 sed,
304 1602 382 1646 eum
413 1581 550 1645 tandem
574 1582 739 1644 invictum
769 1580 928 1662 spiritum
954 1582 1039 1646 caelo
1067 1594 1158 1649 esset

209 1681 417 1757 redditurus
440 1682 509 1745 due
531 1680 646 1762 angeli
666 1680 797 1743 caelesti
819 1679 954 1761 fulgore
982 1682 1157 1748 radiantes

208 1781 251 1844 de
285 1782 444 1862 supernis
473 1782 518 1844 ad
547 1800 624 1843 eum
653 1781 849 1855 veniebant,
876 1780 947 1861 qui,
972 1781 1062 1845 beati
1094 1784 1157 1846 viri

209 1881 357 1944 animam
386 1881 491 1943 nimio
524 1879 672 1943 candore
699 1879 885 1960 fulgentem
915 1899 1031 1943 secum
1058 1901 1156 1945 assu-

209 1987 353 2055 mentes,
377 1980 413 2042 in
442 1979 562 2043 caelum
590 1998 667 2042 cum
693 1978 829 2060 hymnis
851 1986 886 2040 et
912 1976 1072 2042 laudibus
1098 1981 1156 2045 de-

210 2077 373 2142 tulerunt.
426 2078 508 2143 Vox
540 2097 677 2160 quoque
704 2077 747 2140 de
775 2076 859 2140 caelo
889 2076 932 2139 ad
962 2096 1038 2140 eum
1064 2079 1158 2143 facta

209 2186 274 2255 est,
296 2177 518 2242 audientibus
535 2178 683 2253 cunctis,
699 2177 734 2238 in
752 2175 842 2239 hune
860 2175 1011 2253 modum,
1024 2182 1033 2210 ‘
1044 2176 1156 2243 Amen

208 2278 285 2342 dico
312 2278 387 2353 tibi,
413 2278 496 2359 quia
524 2276 624 2340 bodie
650 2295 727 2339 cum
754 2274 922 2355 discipulo
945 2277 1013 2338 cris
1035 2276 1069 2338 in
1094 2297 1156 2359 pa·

211 2377 351 2439 radis0.’
400 2376 500 2440 Tunc
526 2375 665 2458 quidam
692 2374 801 2437 fidelis
827 2373 863 2435 in
888 2371 1039 2449 Christo,
1064 2376 1156 2440 beati

209 2477 370 2558 martyris
399 2495 524 2558 corpus
553 2475 642 2538 clam
670 2475 840 2550 auferenS,
867 2474 933 2536 sub
958 2481 1051 2536 terra
1079 2474 1156 2537 dili-

209 2583 331 2656 genter
354 2574 518 2650 occuluit,
547 2574 765 2656 quandoque,
796 2580 834 2634 ut
861 2572 1076 2649 confidimus,
1105 2574 1157 2638 di-

209 2676 290 2738 vino
308 2694 448 2738 munere
465 2675 501 2736 in
516 2672 627 2737 lucem
641 2671 894 2755 proferendum.
932 2671 1062 2736 Eodem
1076 2682 1158 2736 tem-

209 2794 293 2856 pore
323 2775 359 2836 in
385 2773 569 2837 Britannia
594 2772 688 2854 passi
715 2781 796 2834 sunt
820 2770 939 2833 Aaron
968 2779 1003 2834 et
1027 2771 1157 2849 Julius,

209 2893 286 2937 cum
307 2872 384 2936 aliis
403 2872 559 2955 pluribus
579 2872 660 2935 viris
683 2879 717 2934 et
735 2870 897 2945 foeminis,
914 2871 973 2951 qui
991 2871 1034 2934 ad
1058 2891 1156 2953 egre·

209 2974 286 3053 glas
313 2971 534 3035 Hierusalem
557 2978 677 3053 portas
701 2971 831 3052 absque
855 2972 1072 3034 cunctamine
1098 2992 1159 3053 per

209 3072 411 3154 martyrium
429 3069 681 3135 convolarunt.’

323 3189 345 3234 U
500 3195 520 3235 ἡ
675 3195 694 3234 lt
849 3194 869 3234 ἡ
1024 3193 1044 3233 ἡ

210 3350 218 3376 ‘
237 3343 279 3407 Ut
294 3344 450 3407 Britanni
463 3343 501 3407 ab
519 3342 655 3407 omnibns
668 3343 781 3406 devicti
796 3363 893 3426 rapam
910 3338 970 3403 eibi
991 3339 1028 3401 dc
1042 3339 1158 3402 minori

392 3443 567 3507 Britannia
575 3441 767 3527 penulantcc
781 3447 972 3523 acceperant.

261 3566 382 3631 ‘Anno
401 3569 523 3648 gratiae
545 3583 756 3630 ccccxxxV.
773 3565 995 3639 Withelinus,
1021 3562 1157 3627 Londo·
1171 3582 1311 3671 &2333ng

211 3668 339 3730 niensis
362 3666 654 3749 archiepiscopus,
679 3666 825 3728 scientia
847 3675 883 3728 et
899 3663 1085 3728 virtutibus
1105 3663 1156 3726 in-
1171 3683 1220 3721 aa
1230 3682 1303 3770 ⁸1³¹l⁰⁸

208 3767 316 3847 signis
332 3767 489 3829 habetur.
531 3765 613 3840 Hic,
623 3784 700 3827 cum
718 3764 951 3828 calamitatem
965 3763 1156 3826 Britanniae
1171 3734 1243 3830 illi.
1254 3742 1278 3769 ‘'

208 3866 505 3949 abjectionemque
524 3863 760 3927 Romanorum
782 3862 1024 3937 intellexisset,
1048 3870 1157 3924 trans·

209 3965 349 4029 fretavit
365 3965 400 4027 iu
419 3965 584 4027 minorem
599 3963 829 4038 Britanniam,
845 3982 924 4045 quae
941 3960 1023 4024 olim
1034 3958 1159 4023 Armo-

210 4066 280 4128 rica
302 4065 376 4127 sive
395 4063 546 4127 Lecania
568 4062 758 4137 dicebatur,
780 4070 818 4125 ut
840 4060 1008 4125 auxilium
1037 4077 1057 4120 a
1085 4055 1158 4119 suis

208 4162 441 4227 confratribus
464 4161 666 4245 postularet.
726 4161 912 4243 Regnabat
936 4167 1018 4221 tunc
1040 4157 1075 4218 in
1098 4156 1159 4218 illa

255 4279 335 4325 vot..
355 4279 379 4326 Ι.
994 4276 1009 4312 t}
