2932 4980
329 459 394 524 130
590 471 724 518 nocem
750 471 796 517 nn
819 469 1027 518 wunnovan

334 711 383 773 De
396 729 506 794 pupae
522 707 603 770 inter
625 725 723 790 repen
737 699 1082 769 Nmtoatandroaaa
1095 700 1298 765 Budwiaum

517 816 545 871 ct
563 804 802 882 Oudwollonem,
818 824 916 889 repam
930 801 1107 866 Bistonum.

173 950 283 991 noan.
388 929 491 993 Anno
514 928 637 1010 gratiae
661 920 977 1002 ncxxxrn.,¹orta
1001 924 1174 989 discordia
1201 925 1299 989 inter

173 1002 323 1090 lffli'iilii'
338 1050 455 1113 regem
479 1028 683 1092 Eadvvinum
699 1035 734 1091 et
752 1026 1011 1091 Cadwallonem
1030 1044 1148 1106 regem
1169 1024 1294 1088 Brito-

174 1100 284 1140 Μῶα
338 1150 434 1207 num,
450 1134 684 1192 convenerunt
703 1126 746 1189 ad
770 1126 928 1207 praelium
945 1132 993 1201 ct,
1011 1123 1104 1189 facto
1123 1142 1296 1206 congres-

340 1250 394 1307 su,
411 1227 590 1293 Cadwallo
617 1226 727 1289 millia
749 1243 889 1289 suorum
907 1225 1023 1288 amisit
1046 1231 1081 1287 et
1106 1224 1144 1286 in
1168 1223 1315 1305 sugam

339 1347 527 1394 conversus
549 1334 613 1389 est.
667 1324 806 1388 Potitus
838 1327 957 1406 itaque
979 1323 1127 1388 victoria
1149 1322 1296 1387 Eadvvi·

341 1449 418 1506 nus,
440 1428 542 1490 duxit
557 1426 747 1489 exereitum
772 1443 873 1488 suum
898 1443 959 1507 per
984 1424 1183 1506 provincias
1211 1422 1297 1485 Bri-

340 1536 459 1593 tonum
485 1534 521 1590 et
542 1527 611 1588 tria
637 1543 754 1588 eorum
777 1544 899 1605 regna,
922 1523 1096 1587 Demeciae
1115 1521 1296 1599 videlicet,

341 1625 551 1691 Venedociae
588 1631 624 1687 et
656 1624 841 1700 Meneviae,
869 1623 1057 1687 combustis
1083 1622 1228 1686 urbibus
1256 1630 1297 1687 et

341 1725 473 1789 colonis
498 1723 694 1799 destructis,
720 1741 838 1786 omnes
866 1723 1003 1786 illorum
1036 1721 1235 1804 provincias
1257 1721 1297 1784 iu

343 1845 409 1888 sua
427 1824 509 1906 jura
535 1823 676 1904 recepit.
730 1821 909 1885 Cadvvallo
934 1828 1062 1898 autem,
1084 1820 1200 1903 quiin
1225 1819 1297 1883 Hi·

342 1922 498 1987 berniam
514 1921 709 2002 aufugerat,
724 1922 902 1985 resociatis
918 1920 1067 1984 catervis
1084 1919 1169 1996 suis,
1188 1938 1299 1984 cona·

344 2024 449 2086 batur
479 2040 613 2102 semper
643 2021 679 2083 in
710 2021 860 2103 patriam
885 2020 1024 2096 reverti,
1052 2038 1116 2083 nec
1144 2026 1299 2102 poterat,

346 2124 429 2204 quia
450 2120 737 2203 quandocumque
770 2121 807 2182 in
835 2126 938 2202 portu
966 2119 1084 2202 aliquo
1119 2120 1299 2202 applicare

346 2223 543 2304 incipiebat,
571 2219 726 2283 obviavit
754 2218 804 2281 illi
832 2218 1019 2310 Eadvvinus
1050 2226 1086 2283 et
1114 2218 1297 2282 introitum

345 2322 551 2403 denegabat,
591 2319 711 2382 habuit
746 2336 893 2399 namque
925 2318 1113 2382 Eadwinus
1145 2317 1297 2382 astrolo-

347 2440 429 2502 gum
446 2419 628 2501 quendam,
646 2419 784 2488 nomine
799 2416 976 2493 Pellitnm,
994 2417 1054 2499 qui
1069 2416 1249 2480 indicabat
1266 2418 1298 2480 ei

346 2521 462 2583 omnia
485 2537 564 2600 quae
584 2517 722 2581 fiebant.
775 2516 954 2581 Cadwallo
968 2537 1052 2580 vero
1074 2515 1110 2579 in
1132 2516 1298 2598 despera·

347 2619 475 2682 tionem
503 2636 624 2680 versus
651 2616 761 2680 adivit
787 2636 902 2698 regem
930 2616 1151 2681 Salomonem
1172 2615 1211 2679 in
1233 2617 1297 2680 mi-

348 2736 463 2780 norem
487 2716 704 2780 Britanniam
722 2723 757 2780 et
774 2717 817 2779 ab
836 2716 895 2780 illo
917 2725 1115 2781 reverenter
1136 2724 1298 2799 receptus

347 2823 420 2894 est3
446 2823 479 2878 et
504 2836 582 2878 cum
606 2835 745 2879 causam
772 2816 941 2879 adventus
964 2817 1040 2898 ejus
1063 2818 1296 2898 cognovisset,

348 2915 515 2979 auxilium
543 2923 578 2978 et
596 2916 777 2979 consilium
801 2917 833 2978 ei
855 2916 1025 2998 promisit.
1076 2915 1177 2981 Tunc
1207 2916 1298 2982 Cad-

348 3015 451 3079 wallo
466 3015 642 3078 Salomoni
665 3015 706 3078 de
726 3016 903 3096 astrologo
921 3015 1081 3080 Eadvvini
1103 3016 1221 3081 omnia
1244 3035 1296 3078 re·

350 3115 474 3190 ferens,
497 3114 591 3177 dedit
612 3113 793 3177 consilium
816 3123 854 3178 ut
876 3115 1001 3195 aliquis
1018 3114 1072 3179 vir
1089 3117 1240 3198 prudens
1261 3122 1297 3178 et

349 3215 465 3277 audax
490 3215 526 3276 in
553 3213 674 3276 habitu
698 3215 880 3294 peregrino
910 3215 1117 3292 mitteretur,
1141 3216 1201 3298 qui
1226 3231 1298 3277 ma-

349 3334 432 3394 gum
457 3313 554 3377 illum
574 3311 766 3375 interficere
786 3320 986 3378 attentaret.
1040 3314 1179 3378 Placuit
1206 3312 1297 3378 Cad-

349 3413 490 3476 walloni
519 3413 712 3487 consilium,
740 3411 890 3476 etillico
915 3415 1132 3496 nepotiano,
1160 3412 1297 3476 nomine

351 3512 491 3587 Brieno,
516 3510 582 3574 hoc
610 3529 697 3574 onus
723 3512 901 3593 imposuit,
925 3515 997 3594 qui,
1024 3512 1208 3596 praeceptis
1236 3511 1299 3576 do·

351 3612 434 3673 mini
463 3609 638 3684 obediens,
660 3609 762 3691 jussa
791 3611 934 3692 implere
962 3612 1173 3692 maturavit;
1204 3611 1298 3676 deni·

350 3729 417 3790 que
440 3708 595 3770 habitum
621 3709 794 3790 peregrini
818 3712 1021 3794 suscipiens,
1045 3712 1205 3775 baculum
1231 3710 1300 3775 ser-

350 3825 445 3868 reum
461 3814 674 3887 praeacutum
691 3808 884 3887 fabricavit,
900 3830 1017 3893 peram
1034 3811 1077 3875 ad
1092 3812 1184 3875 latus
1195 3811 1302 3875 sinis·

386 4027 393 4059 ¹
417 4032 479 4080 orto
501 4033 621 4082 discordia
644 4034 709 4083 inter
730 4051 812 4097 regem
837 4037 866 4085 ol
874 4038 916 4086 the
928 4051 1059 4086 successes
1077 4038 1106 4086 ol
1119 4039 1305 4093 Eadvrirrorer

351 4102 495 4150 Eadminnm
506 4107 529 4150 et
542 4105 741 4168 Codwatbnem]
754 4107 778 4153 lt
790 4108 812 4154 is
839 4108 980 4167 Cadwallo,
998 4109 1033 4169 by
1052 4108 1095 4156 the
1112 4109 1155 4157 aid
1172 4110 1203 4159 of
1224 4113 1306 4163 Pelli-

350 4173 462 4232 scarcely
470 4186 603 4233 necessary
612 4179 637 4220 to
645 4176 749 4222 observo
757 4175 811 4224 that
837 4182 888 4238 tus,
899 4177 962 4225 from
974 4177 1050 4227 Geol'.
1060 4178 1221 4241 ntonmomh,
1234 4183 1305 4234 llist.

350 4240 492 4289 Wendover
502 4241 548 4289 bas
559 4243 635 4291 taken
655 4244 694 4292 bis
706 4252 812 4293 account
837 4248 882 4294 xii.
895 4251 920 4308 l,
930 4262 994 4310 seqq.
