3000 5004
460 414 598 463 anonas
622 414 891 464 ursvoamaun.
1090 402 1155 465 175

203 573 339 637 reddita
361 572 457 652 vita;
490 581 574 638 tunc
602 591 680 637 cum
702 594 783 638 ossa
809 575 943 637 minora
969 592 1074 655 super
1096 592 1154 637 ca-

201 673 309 738 daver
325 681 471 736 mortuae
493 673 618 755 puellae
639 673 784 737 fuissent
807 674 973 749 adbibita,
991 673 1155 736 continuo

200 772 318 855 puella
340 771 479 835 revixit.
525 770 659 836 Aderat
681 772 762 835 huic
781 773 980 855 spectaculo
1002 791 1070 834 non
1091 773 1154 834 mi-

203 873 297 934 nima
335 871 512 933 bominum
550 870 748 948 multitudo,
778 872 963 935 adstabant
996 880 1031 934 et
1060 872 1155 934 cives

205 970 463 1046 Cenomannici,
485 969 545 1051 qui
570 970 655 1032 socii
680 970 812 1034 itineris
834 971 1022 1034 extiterant
1047 978 1090 1034 et·
1104 970 1155 1032 la-

202 1070 307 1134 boris.
369 1068 429 1131 Illi
449 1088 533 1132 vero
555 1069 665 1131 multa
687 1089 788 1152 prece
808 1089 890 1133 ossa
911 1070 1023 1133 beatae
1046 1069 1155 1133 Scho-

202 1169 336 1233 lasticae
367 1168 434 1231 sibi
468 1167 543 1230 dari
581 1170 798 1250 postulantes
836 1168 1080 1250 impetrabant,
1113 1187 1156 1230 ne

204 1267 274 1332 duo
299 1286 429 1348 magna
455 1266 640 1330 luminaria
670 1287 738 1330 uno
770 1267 1012 1330 clauderentur
1042 1267 1078 1329 in
1104 1266 1155 1330 lo-

204 1367 295 1443 culo,
325 1385 404 1429 cum
433 1365 571 1446 singula
601 1366 747 1447 singulis
775 1364 930 1430 sufficere
954 1365 1156 1429 valuissent.

206 1465 454 1531 Cenomannici
476 1465 583 1545 igitur
604 1473 796 1528 remeantes
819 1464 863 1528 ad
885 1466 1016 1541 urbem,
1032 1484 1157 1547 corpus

205 1563 390 1647 praefatum
407 1582 524 1627 secum
539 1564 738 1627 detulerunt
754 1583 832 1627 cum
847 1565 987 1645 gaudio,
1003 1572 1039 1628 et
1050 1565 1157 1647 juxta

205 1664 335 1726 moenia
349 1662 614 1727 Cenomanuicae
637 1662 801 1740 civitatis,
824 1665 860 1726 in
885 1661 1031 1727 ecclesia
1053 1682 1156 1740 nova,

205 1782 270 1845 pro
295 1763 371 1846 ejus
394 1762 523 1826 honore
545 1762 727 1839 fabricata,
750 1772 947 1826 reverenter
969 1769 1024 1826 est
1049 1762 1156 1826 collo-

207 1869 335 1938 catum,
356 1862 415 1924 nbi
436 1862 501 1926 sub
523 1861 674 1943 regulari
698 1861 880 1944 disciplina
901 1869 1031 1925 sanctae
1053 1861 1156 1925 devo·

206 1961 311 2025 tionis
332 1961 484 2024 foeminae
505 1968 589 2024 sunt
607 1969 820 2042 aggregatae.
873 1959 942 2024 His
964 1961 1015 2024 ita
1036 1961 1156 2042 gestis,

206 2060 413 2124 venerabilis
431 2066 531 2141 pater
548 2060 773 2137 Mummolus,
790 2079 868 2124 cum
890 2068 991 2123 nocte
1006 2061 1156 2141 quadam

207 2160 272 2222 sub
310 2159 403 2222 nudo
441 2158 527 2223 caelo
557 2159 745 2223 Dominum
778 2166 989 2241 precaretur,
1022 2167 1062 2223 ut
1091 2159 1156 2222 sibi

207 2257 343 2322 caelitus
360 2258 569 2337 ostenderet,
585 2278 655 2342 quo
674 2258 711 2321 in
732 2258 809 2323 loco
827 2278 952 2340 corpus
968 2258 1156 2322 beatissimi

208 2356 409 2421 reconderet
429 2357 623 2434 Benedicti,
640 2377 718 2422 ecce
743 2359 858 2422 subito
881 2358 943 2420 lux
967 2356 1093 2421 emissa
1114 2358 1157 2420 de

208 2456 306 2533 caelo,
321 2457 412 2521 sicut
427 2456 546 2539 fulgur
564 2458 596 2520 ei
623 2476 807 2539 apparens,
824 2456 939 2520 locum
962 2457 1021 2520 ubi
1038 2457 1158 2540 reponi

208 2555 349 2620 deberet
376 2555 655 2621 manifestissime
685 2556 877 2632 denotavit,
899 2575 968 2638 quo
999 2556 1157 2620 laetifica·

209 2662 265 2719 tus
290 2653 429 2732 indicio,
456 2656 493 2718 in
521 2655 598 2719 loco
620 2674 723 2737 quem
748 2656 800 2720 illi
822 2656 920 2720 Deus
943 2656 1160 2721 revelaverat

208 2753 294 2817 illud
315 2755 512 2819 tumulavit.
565 2753 680 2818 Locus
703 2764 819 2819 autem
841 2755 953 2819 beatae
969 2756 1037 2820 Dei
1060 2757 1157 2837 geni-

208 2853 305 2917 tricis
319 2861 395 2918 erat
411 2853 588 2918 oraculum
605 2855 668 2936 [sc.
686 2854 904 2935 oratorium],
922 2874 991 2918 non
1011 2855 1159 2919 multum

209 2971 231 3016 a
245 2952 393 3036 praefata
403 2954 516 3017 sancti
526 2952 623 3017 Petri
637 2953 781 3018 basilica
792 2960 1002 3036 separatum.
1031 2953 1160 3016 Trans-

207 3052 318 3117 latum
335 3059 518 3116 astantem
538 3072 664 3134 corpus
687 3053 957 3130 sanctissimum,
976 3072 998 3116 a
1012 3052 1160 3115 transitu

208 3151 285 3234 ejus
296 3152 482 3216 centesimo
492 3151 666 3216 tricesimo
677 3159 803 3217 octavo
814 3171 927 3231 anno;
946 3151 1159 3233 ubiquicun·

209 3269 276 3334 que
289 3251 349 3333 pia
364 3250 548 3315 devotione
562 3251 708 3333 piissimi
719 3252 828 3333 patris
842 3269 966 3314 nomen
976 3251 1161 3313 invocave-

208 3351 267 3426 rit,
281 3349 474 3414 mercedem
490 3370 563 3414 suae
578 3349 771 3414 devotionis
789 3356 946 3432 optatam
963 3350 1141 3432 receperit.

259 3443 509 3513 ¹Theodericus
530 3450 691 3532 regnavit
716 3448 753 3512 in
773 3449 923 3512 Francia
951 3449 1050 3512 annis
1073 3468 1159 3531 qua·

208 3548 409 3612 tuordecim.

261 3645 365 3711 Anno
375 3647 498 3728 gratiae
507 3639 956 3726 ocnxxx1r.²Kentwinus,
965 3646 1160 3712 occidenta—
1172 3664 1226 3705 nn.
1236 3666 1282 3704 nr.

209 3746 293 3810 lium
310 3746 488 3810 Saxonum
505 3766 581 3823 rex,
599 3746 762 3811 Britones
779 3747 870 3812 bello
890 3766 1078 3829 aggressus
1096 3756 1161 3823 est,
1172 3715 1279 3814 ifii'iim

1174 3815 1271 3855 Werrex.

243 3984 620 4051 ¹Tlteodericur.]'l'bierrilll.
633 3986 676 4036 lle
702 3993 762 4036 tom.
778 3988 816 4037 iii.
834 4003 861 4049 p.
879 3992 937 4051 olto,
952 3989 1003 4037 aad
1022 3989 1047 4038 le
1065 3989 1163 4051 Ooiute,

213 4058 236 4107 ia
249 4057 379 4118 supposed
395 4062 422 4106 to
438 4055 504 4105 bave
514 4056 574 4105 died
591 4058 617 4104 in
633 4056 676 4105 the
701 4059 736 4106 iv.
748 4072 775 4118 p.
786 4061 845 4107 276.

209 4125 335 4189 springol
339 4130 397 4176 691.
415 4126 523 4177 consult
531 4126 629 4175 Ludov.
639 4127 674 4175 du
734 4123 926 4191 'Kentwiurrr.]
958 4127 993 4176 So
1014 4127 1056 4177 the
1078 4127 1164 4176 Saron

212 4196 290 4258 Four,
302 4195 396 4246 Annal.
407 4195 498 4245 Frauc.
510 4196 536 4244 in
548 4196 676 4257 bouquet,
701 4194 844 4258 Chronicle,
854 4196 887 4244 ad
898 4211 941 4246 an.
