3000 5004
463 436 604 484 rnonns
627 436 897 487 nrsrorraaurr.
1088 424 1154 489 291

201 610 306 675 qnam
325 592 537 676 reciperetur
559 594 596 656 in
613 613 769 675 regnum.
821 593 938 658 Causa
963 604 1079 659 autem
1102 598 1154 660 bi-

201 691 290 755 faria
314 700 401 769 erat,
425 712 507 769 una,
525 694 615 774 quod
639 693 747 756 filium
767 693 941 777 juniorem
958 693 1151 773 Alfredum,

202 792 302 873 quasi
317 792 394 854 aliis
409 811 429 856 a
445 800 538 857 sorte
552 793 651 873 regni
666 793 829 870 exclusis,
843 794 879 856 in
895 814 1011 876 regem
1028 795 1150 859 Romae

201 889 332 953 fecerat
345 892 523 970 coronari3
547 892 628 967 alia,
644 891 736 974 quod
759 894 884 974 spretis
901 895 1059 957 omnibns
1074 892 1150 957 An·

202 988 282 1070 gliae
306 990 518 1066 mulieribus,
539 990 646 1053 filiam
672 991 763 1071 regis
790 991 1001 1056 Francorum
1028 994 1149 1057 alieni·

202 1107 326 1168 genam
342 1088 408 1151 sibi
422 1108 484 1170 per
498 1089 698 1172 conjugium
715 1091 900 1171 copulavit.
952 1089 1149 1156 Audierunt
1162 1111 1297 1155 namma

202 1194 371 1268 praeterea
385 1188 624 1271 conjuratores
639 1188 807 1269 praedicti,
819 1188 924 1270 quod,
939 1198 1061 1253 contra
1075 1211 1148 1254 mo·
1159 1166 1182 1202 ⁸²
1191 1163 1261 1204 ”m

202 1304 274 1348 rem
298 1293 333 1348 et
354 1293 489 1349 statuta
509 1305 628 1367 regum
642 1287 944 1365 west-saxonum,
960 1288 982 1352 J
986 1288 1149 1352 udetham

204 1383 416 1448 Francorum
432 1386 525 1466 regis
542 1385 659 1461 filiam,
674 1406 777 1468 quam
791 1406 900 1468 nuper
918 1386 1149 1469 desponsave-

200 1490 268 1559 rat,
295 1485 450 1565 reginam
476 1484 676 1565 appellabat
706 1493 741 1548 et
768 1486 803 1547 in
830 1505 950 1549 mensa
980 1486 1023 1549 ad
1056 1487 1149 1550 latus

202 1600 302 1645 suum
324 1583 501 1646 convivari
520 1583 690 1661 faciebat;
716 1577 818 1663 ¹gens
840 1604 924 1648 voro
947 1585 1148 1648 west-sax·

201 1700 306 1744 onum
318 1701 387 1745 non
404 1682 573 1763 permittit
590 1683 744 1762 reginam
756 1682 863 1765 juxta
880 1703 995 1764 regem
1019 1682 1150 1760 sedere,

202 1798 265 1842 nec
289 1781 393 1844 etiam
420 1780 603 1861 Reginam,
630 1781 690 1844 sed
715 1782 808 1862 regis
833 1784 1017 1865 conjugem
1040 1783 1151 1847 nomi·

202 1879 289 1941 nari.
341 1878 431 1942 Haec
463 1887 579 1944 autem
607 1879 749 1943 infamia
774 1882 818 1942 ab
849 1881 1037 1962 Eadburga
1063 1881 1151 1944 Offae

202 1978 294 2058 regis
322 1977 406 2054 lilia,
426 1977 580 2060 ejusdem
609 1979 745 2058 generis
775 1980 906 2059 regina,
934 1987 1057 2043 exorta
1086 1987 1151 2056 est,

202 2095 281 2158 quae
300 2076 410 2138 virum
429 2095 529 2139 suum
554 2076 763 2140 Brithricum
786 2096 903 2157 regem
917 2097 1051 2140 veneno
1073 2096 1151 2158 per-

204 2173 303 2250 didit,
320 2182 355 2238 et
364 2175 471 2259 juxta
487 2195 601 2256 regem
617 2175 752 2250 sedens,
771 2195 889 2238 omnes
907 2177 1004 2256 regni
1019 2176 1151 2238 nobiles

203 2291 368 2336 accusare
391 2273 537 2350 solebat,
565 2281 600 2337 et
625 2293 711 2354 quos
739 2293 902 2337 accusare
930 2293 1000 2336 non
1025 2274 1151 2356 potuit,

203 2379 289 2453 potu
324 2391 384 2435 eos
415 2372 614 2435 venenifero
650 2391 774 2435 necare
801 2373 1002 2451 consuevit3
1034 2373 1152 2454 itaque

203 2490 267 2553 pro
282 2471 413 2552 reginae
427 2471 607 2547 maleficio,
624 2471 715 2534 sicut
731 2472 889 2552 superius
906 2471 1040 2553 prolixe
1062 2479 1153 2534 trac-

203 2576 315 2633 tutum
343 2577 407 2645 est,
425 2589 542 2633 omnes
566 2569 846 2652 conjuraverant,
864 2570 956 2652 qnod
975 2589 1152 2652 nunquam

203 2687 320 2749 regem
336 2687 440 2750 super
454 2687 491 2730 se
505 2687 650 2748 regnare
670 2670 920 2749 permitterent,
938 2669 1048 2751 quiin
1063 2688 1153 2751 prae·

203 2766 305 2829 dictis
343 2767 524 2848 culpabilis
553 2767 776 2831 inveniretur.
830 2768 1040 2832 Revertente
1075 2776 1296 2831 tan-numum„

204 2864 282 2927 dem
305 2884 327 2928 a
347 2865 462 2928 Roma
478 2863 678 2942 Athelwlfo,
692 2886 774 2947 rege
792 2867 949 2948 pacifico,
965 2867 1152 2948 praedictus

204 2964 296 3026 lilius
325 2964 400 3047 ejus
429 2962 671 3040 Athelbaldus,
701 2983 779 3027 cum
810 2966 883 3027 suis
917 2964 1152 3045 complicibus,

206 3071 407 3144 conceptam
431 3063 621 3144 nequitiam
646 3061 690 3125 ad
711 3062 869 3127 effectum
891 3062 1077 3145 perducere
1100 3069 1153 3125 at·

205 3162 374 3240 tentavit3
398 3162 459 3224 sed
477 3162 575 3225 Deus
594 3162 811 3242 omnipotens
833 3161 868 3224 id
888 3162 962 3224 fieri
984 3180 1053 3223 non
1075 3180 1153 3243 per·

206 3261 312 3336 misit,
329 3279 409 3323 nam
426 3281 469 3323 ne
490 3260 578 3322 forte
593 3259 777 3342 plusquam
795 3260 896 3322 civile
920 3259 1047 3322 bellum
1063 3258 1154 3322 inter

205 3366 340 3440 patrem
371 3366 408 3423 et
440 3359 548 3422 lilium
576 3357 843 3435 convalesceret,
871 3357 1034 3420 ineffabili
1061 3358 1153 3439 regis

205 3458 389 3539 clementia
414 3458 566 3521 omnium
593 3456 803 3538 conspiratio
826 3456 993 3520 nobilium
1019 3463 1055 3519 et
1082 3457 1154 3538 epi·

205 3575 388 3638 scoporum
412 3557 574 3632 cessavit,
598 3555 782 3619 dividentis
798 3574 877 3618 cum
892 3555 964 3618 filio
989 3574 1053 3619 suo
1077 3575 1155 3636 reg·

206 3674 288 3717 num
306 3655 610 3730 west-saxonum,
625 3663 729 3718 antea
742 3654 941 3731 indivisum,
957 3655 1008 3717 ita
1021 3662 1059 3717 ut
1074 3672 1156 3736 pars

206 3753 304 3834 regni
331 3754 508 3817 orientalis
530 3754 564 3816 in
588 3760 716 3817 sortem
744 3753 804 3816 lilii
831 3753 978 3830 cederet,
1003 3761 1038 3816 et
1065 3753 1155 3816 occi-

205 3850 353 3915 dentalis
370 3854 461 3935 patri
483 3859 688 3915 remaneret.
741 3852 787 3914 Et
803 3872 881 3915 cum
895 3860 970 3915 tota
983 3853 1081 3933 regni
1096 3871 1158 3915 no·

206 3950 323 4014 bilitas
340 3971 403 4034 pro
421 3971 502 4032 rege
524 3951 741 4015 decertarent
757 3957 792 4013 et
810 3950 918 4014 filium
933 3970 954 4013 a
964 3951 1044 4034 jure
1060 3949 1158 4030 regni

242 4155 250 4186 ¹
265 4160 333 4208 Gens
349 4175 405 4208 vero
426 4157 644 4219 Wert·enronam.]
667 4159 790 4219 Compare
810 4159 899 4221 Aeser,
916 4156 949 4204 de
969 4156 1057 4205 Rebus
1073 4154 1161 4205 Gestis

206 4227 332 4291 Aeliredi,
343 4244 369 4289 p.
383 4232 423 4278 10.
1025 4296 1040 4340 2

992 4305 1007 4340 u
