3000 5004
191 701 266 741 Roma

351 461 416 525 470
609 472 744 521 nonani
768 473 815 521 aa
838 472 1046 522 wannovna

188 651 275 690 cnuto
354 629 515 712 apostolo
541 628 702 705 contulit,
719 629 756 691 in
778 647 864 692 auro
888 635 924 692 et
940 635 1099 709 argento,
1121 628 1158 690 iu
1182 628 1313 710 pannis

354 728 473 793 sericis
499 747 540 792 ac
567 728 739 810 lapidibus
772 728 955 811 pretiosis3
988 746 1011 790 a
1042 745 1136 810 papa
1165 747 1309 810 quoque

354 827 377 893 J
381 827 528 905 ohanne,
558 834 597 893 ut
630 827 749 890 schola
777 825 971 909 Anglorum
998 845 1021 889 a
1053 826 1183 890 tributo
1214 835 1309 890 esset

354 926 474 1003 libera,
499 926 710 1009 impetravit,
743 925 871 990 multus
896 926 932 989 in
963 926 1087 989 itinere
1113 925 1308 1003 clausuras,

355 1026 415 1089 ubi
441 1026 571 1089 telonia
594 1027 891 1107 extorquebantur
914 1044 937 1088 a
961 1025 1164 1106 peregrinis,
1193 1025 1306 1107 pretio

356 1125 439 1188 dato
461 1125 611 1204 delevit3
636 1132 717 1188 ante
739 1125 849 1188 altare
867 1124 1004 1207 quidem
1027 1125 1120 1188 beati
1136 1123 1249 1202 Petri,
1271 1125 1308 1188 in

357 1228 426 1308 quo
453 1244 580 1308 corpus
605 1224 681 1307 ejus
707 1223 903 1306 requiescit,
924 1224 1001 1287 Deo
1020 1224 1103 1288 vite
1131 1243 1206 1287 suae
1236 1244 1310 1288 mo·

358 1343 504 1406 rumque
521 1322 795 1389 emendationem
812 1323 965 1389 devovit.
1008 1316 1175 1404 ¹Soripsit
1191 1330 1309 1388 autem

358 1421 559 1504 Agelnotbo
590 1422 833 1489 cantuariensi
862 1430 900 1487 et
926 1421 1059 1487 Alsrico
1097 1422 1311 1486 Eboracensi
1393 1438 1395 1442 ·

358 1521 637 1605 archiepiscopis,
653 1522 744 1587 inter
766 1528 905 1598 caetera,
922 1529 1027 1603 atque
1049 1522 1212 1585 omnibus
1238 1523 1311 1604 epi-

357 1623 472 1703 seopis
496 1641 537 1685 ac
561 1621 784 1702 optimatibus
804 1619 957 1701 Angliae,
982 1620 1075 1703 quod
1099 1620 1165 1684 suit
1183 1621 1309 1685 Romae

359 1713 411 1783 in²
434 1739 562 1801 magna
582 1719 790 1789 solennitate
807 1719 974 1802 paschali,
994 1739 1111 1783 eoram
1135 1739 1229 1802 papa
1245 1720 1268 1786 J
1272 1741 1310 1784 o·

358 1818 473 1882 banne
504 1826 539 1882 et
564 1817 725 1882 Conrado
754 1820 971 1901 imperatore,
996 1820 1227 1901 praesentibus
1256 1840 1310 1884 re·

358 1918 462 2000 gibus
490 1918 625 1982 cunetis
649 1925 685 1982 et
707 1919 919 2001 principibus
947 1918 1101 2000 gentium
1126 1912 1169 1981 ³a
1191 1926 1311 1983 monte

360 2015 527 2099 Gargano
555 2037 665 2099 usque
695 2017 739 2081 ad
768 2017 859 2082 istud
890 2019 1086 2099 proximum
1114 2037 1224 2095 mare,
1250 2020 1310 2101 qui

359 2118 456 2181 illum
484 2136 602 2182 omnes
635 2116 821 2180 honorifice
852 2125 1080 2199 susceperunt
1106 2125 1142 2180 et
1172 2119 1311 2199 magnis

360 2216 617 2281 honoraverunt
632 2216 814 2279 donativis.
868 2215 1064 2298 Imperator
1080 2217 1187 2280 etiam
1199 2217 1313 2282 multa

359 2317 392 2380 ei
405 2316 564 2392 contulit,
580 2325 648 2380 tam
669 2315 808 2379 invasis
826 2316 940 2379 aureis
958 2323 994 2379 et
1010 2316 1186 2396 argenteis
1204 2336 1308 2399 quam

359 2418 485 2498 pannis
507 2416 626 2480 sericis
648 2434 690 2479 ac
718 2415 861 2495 gemmis
883 2415 1107 2497 vestibusque
1134 2415 1310 2496 pretiosis.

359 2514 580 2597 Conquestus
602 2522 656 2578 est
675 2514 780 2577 etiam
796 2513 911 2577 Cnuto
936 2534 999 2578 rex
1018 2513 1225 2595 magnificus
1253 2535 1309 2580 co·

358 2632 432 2676 ram
458 2612 597 2676 domino
622 2633 725 2694 papa,
748 2614 841 2695 quod
864 2613 1113 2695 archiepiscopi
1139 2620 1310 2679 terrarum

360 2729 500 2775 suarum
524 2731 602 2774 cum
628 2732 691 2794 pro
715 2712 822 2795 pallio
848 2712 1036 2777 obtinendo
1054 2712 1205 2776 Romam
1227 2715 1309 2778 mit·

360 2818 450 2886 tunt,
470 2810 683 2875 immensitas
708 2812 862 2893 pecuniae
883 2813 1156 2894 extorquebatur
1180 2813 1225 2875 ab
1249 2815 1311 2890 eis,

360 2929 423 2975 nec
456 2919 601 2992 possunt
627 2912 758 2993 absquo
795 2912 942 2975 simonia
971 2911 1114 2995 pallium
1140 2912 1311 2989 obtinere,

360 3010 451 3074 unde
468 3010 627 3075 dominus
644 3030 737 3093 papa
757 3010 857 3074 nimis
880 3011 1057 3088 confusae,
1074 3010 1165 3074 naid
1183 3011 1226 3075 de
1243 3032 1311 3076 eae-

361 3118 435 3174 tero
459 3110 567 3186 fieret,
591 3109 780 3174 interdixit.
841 3110 1060 3192 Significavit
1084 3111 1227 3192 insuper
1248 3131 1312 3194 per

360 3211 542 3292 epistolam
566 3209 737 3291 episcopis
759 3209 979 3291 supradictis,
997 3217 1037 3272 ut
1053 3218 1240 3291 antequam
1266 3211 1311 3275 ad

359 3308 524 3389 Angliam
543 3309 686 3384 veniret,
710 3309 826 3372 omnia
843 3308 960 3373 debita
976 3309 1019 3372 ad
1036 3309 1216 3373 ecclesiam
1233 3331 1312 3393 per-

359 3408 518 3484 tinentia,
532 3400 770 3490 *eleemosyna
785 3407 916 3471 scilicet
931 3428 994 3491 pro
1010 3411 1149 3486 aratris,
1168 3409 1312 3474 decimae

395 3622 402 3652 ¹
416 3626 545 3689 Scripsit]
561 3624 615 3675 Tha
630 3626 703 3675 letter
713 3627 736 3674 is
748 3627 822 3688 given
847 3626 906 3675 took
919 3627 991 3688 place
1009 3642 1040 3675 on
1054 3627 1217 3690 Bastar-day,
1229 3629 1276 3678 but
1288 3631 1314 3679 in

359 3700 386 3742 at
397 3695 482 3757 langtb
492 3696 550 3744 both
562 3697 595 3757 by
603 3696 764 3757 Malmsbury
772 3696 821 3744 and
849 3700 911 3745 1027
921 3713 928 3757 ;
938 3712 980 3746 see
991 3697 1112 3746 Malmsb.
1124 3712 1150 3759 p.
1159 3702 1217 3761 ³09,
1228 3705 1284 3748 note
1297 3697 1314 3750 ¹.

359 3763 488 3825 Florance,
507 3765 565 3813 who
588 3780 633 3826 say
656 3766 711 3814 that
731 3768 822 3847 ituras
882 3797 893 3828 3
903 3799 926 3847 Α
947 3804 1025 3847 mom
1045 3799 1185 3862 Gargana]
1202 3800 1240 3849 st·
1261 3803 1315 3850 An·

358 3835 486 3894 conveyed
506 3839 531 3882 to
551 3834 669 3897 England
688 3836 722 3897 by
735 3835 820 3883 Lrvrn-
916 3870 922 3880 .
1049 3871 1054 3880 .

358 3916 416 3963 gns,
427 3903 485 3951 who
502 3904 605 3952 became
623 3905 712 3966 bishop
724 3905 753 3952 oi
762 3906 822 3954 Cre·
847 3869 903 3929 3⁰¹⁰
915 3884 941 3916 ¹¹¹
953 3869 1081 3918 calabm'

357 3973 427 4021 ditou
449 3974 475 4021 in
499 3977 572 4035 1002,
593 3975 622 4022 oi
637 3976 779 4024 Worcester
795 3976 821 4023 in
881 3968 1058 4035 ⁴Eteemorynu
1142 3988 1186 4036 pm
1197 3974 1314 4037 oretria]

358 4047 431 4105 1008,
443 4043 492 4092 and
504 4044 563 4092 died
575 4045 601 4092 in
614 4048 687 4095 1040.
847 4040 949 4103 Plough
972 4042 1045 4101 aliua
1063 4056 1092 4089 or
1109 4056 1125 4090 a
1147 4048 1268 4104 payment
1287 4043 1317 4092 oi

391 4111 401 4142 ²
424 4114 455 4162 Iu
484 4130 573 4176 magau
599 4115 741 4162 sobnnitote
763 4129 819 4177 par·
845 4126 892 4160 one
920 4127 1002 4172 penny
1028 4116 1053 4159 to
1084 4111 1126 4160 tire
1154 4113 1250 4161 cburob
1275 4112 1314 4162 sor

355 4183 441 4247 eboli]
459 4185 511 4233 Tbe
523 4185 667 4233 coronation
679 4183 708 4231 oi
715 4183 757 4232 tbe
769 4199 820 4232 eur·
846 4197 921 4243 every
934 4182 991 4230 bide
1009 4180 1038 4228 os
1053 4182 1128 4241 laud;
1146 4183 1208 4244 paid
1225 4199 1241 4232 a
1253 4183 1314 4233 surt-

356 4267 429 4312 peror
445 4254 545 4302 t'onrad
563 4254 604 4301 the
622 4254 724 4314 second,
736 4253 820 4320 whicb
845 4253 917 4314 nigbt
928 4251 992 4301 aiter
1005 4251 1103 4301 Easter.
