3000 5004
350 464 416 528 446
607 479 743 527 noorai
766 478 813 527 nn
836 478 1044 528 wnnnovnn

352 644 478 712 matus,
507 642 652 700 cunctos
684 655 758 700 sum
787 635 972 719 potestatis
998 637 1093 704 viros
1119 638 1311 704 bellatores

351 735 535 801 convenire
552 736 646 812 iecit,
661 736 845 818 missisque
869 743 943 798 tum
964 735 1074 800 literis
1088 738 1163 802 suis
1181 740 1228 803 ad
1246 760 1309 803 ex-

351 842 445 899 teras
468 834 628 916 regiones
642 834 844 911 veredariis,
865 834 993 898 milites
1013 837 1141 917 probos
1165 846 1202 903 et
1222 839 1311 902 lucri

351 933 507 1016 cupidos,
522 935 715 1016 animisque
737 934 844 1011 leves,
866 934 910 998 ad
933 934 1023 998 hanc
1046 938 1307 1019 expeditionem

351 1033 470 1097 venire
487 1033 677 1097 mandavit.

405 1207 494 1287 Quod
511 1229 565 1272 raa
577 1209 743 1273 Damnem
758 1209 888 1274 Saeuus
901 1207 1053 1294 Acyllam
1072 1207 1260 1296 ηιόραιραυᾱ.

308 1375 315 1387 ·
403 1330 508 1397 Anno
524 1332 665 1398 Domini
684 1350 798 1397 nx111.
810 1327 977 1410 ¹Snanus,
993 1353 1056 1396 rex
1073 1334 1257 1398 Danorum
1272 1343 1308 1400 et

352 1437 523 1514 tyrannus
544 1433 788 1515 nequissimus,
812 1452 890 1497 cum
917 1431 1028 1496 classe
1043 1433 1161 1496 valida
1185 1453 1307 1499 mense

291 1525 297 1537 '
351 1529 376 1594 J
378 1531 450 1594 ulio
467 1550 562 1594 mare
576 1533 764 1613 ingressus,
779 1533 816 1595 in
827 1529 959 1612 Anglia
974 1531 1019 1594 ad
1037 1538 1174 1613 portum
1190 1534 1305 1615 appli-

352 1630 425 1693 cuit
442 1630 739 1709 Sandvvicensem3
767 1631 826 1694 ubi
841 1629 961 1713 paucis
981 1630 1165 1695 admodum
1181 1630 1305 1695 diebus

352 1736 596 1806 commoratus,
604 1730 827 1810 Eam-anglia
835 1729 1140 1810 circumnavigata,
1151 1729 1307 1795 Humbri

352 1825 505 1890 fluminis
526 1829 652 1891 ostium
681 1829 838 1905 intravit,
860 1828 903 1891 de
925 1847 995 1911 quo
1016 1828 1147 1892 Trente
1171 1829 1304 1895 flumen

352 1922 560 2006 ingrediens,
589 1927 633 1990 ad
661 1925 939 2010 Geinesburgum
964 1927 1079 1990 mcum
1108 1929 1305 2010 navigavit,

352 2031 389 2087 et
409 2024 535 2089 ibidem
557 2026 697 2090 navium
719 2045 859 2090 suarum
879 2026 1062 2090 stationem
1085 2030 1304 2110 composuit3

351 2123 400 2186 ibi
423 2123 576 2189 Cnutoni
605 2125 677 2188 filio
709 2144 775 2190 suo
805 2125 917 2189 classe
950 2143 1028 2188 curn
1056 2127 1200 2190 armatis
1233 2147 1303 2192 non

352 2223 473 2304 paucis
493 2223 744 2300 commendata,
760 2225 835 2307 ipse
855 2224 899 2287 ad
924 2224 1180 2305 provinciarum
1196 2224 1303 2308 depo-

351 2321 565 2403 pulationem
575 2323 618 2386 de
633 2323 778 2386 navibus
793 2322 912 2413 exivit.
936 2322 1003 2386 Cui
1012 2324 1178 2387 continuo
1188 2316 1303 2389 'Nor-

351 2419 672 2497 tbanbnmbrenses,
690 2420 963 2499 Lindeseienses,
983 2429 1019 2485 et
1031 2415 1303 2504 ³Fifburgenses

351 2518 511 2600 primitus
527 2520 775 2602 subjectionem
790 2520 958 2598 fecerunt,
973 2528 1008 2585 et
1023 2540 1117 2597 mox,
1135 2541 1214 2585 cnm
1233 2544 1302 2588 non

352 2615 518 2681 baberent
541 2618 766 2697 defensorem,
786 2639 906 2683 omnes
929 2629 1063 2701 gentes,
1083 2621 1144 2702 qui
1165 2621 1302 2686 babita-

351 2716 437 2778 bant
468 2734 490 2778 a
520 2725 620 2798 parte
652 2719 843 2799 aquilonali
874 2726 994 2782 stratae
1025 2719 1187 2801 publicae,
1220 2741 1301 2804 quae

352 2812 618 2896 watlingstrete
645 2816 783 2894 dicitur,
811 2818 855 2881 ad
881 2816 1090 2881 deditionem
1119 2820 1301 2902 compulsi,

352 2932 474 2978 manus
502 2915 671 2979 dederunt
696 2924 732 2980 et
757 2916 969 2994 fidelitatem,
994 2916 1087 2980 datis
1111 2919 1300 2996 obsidibus,

347 3011 556 3097 jnraverunt
571 3034 580 3094 3
603 3013 727 3078 deinde
744 3015 788 3078 ad
805 3022 961 3079 anstrum
977 3015 1233 3098 expeditionem
1250 3019 1301 3082 di·

191 3137 339 3189 numana.
353 3113 480 3194 rigens,
498 3115 570 3177 suis
587 3115 746 3178 omnibus
761 3113 910 3178 edictum
930 3115 1123 3197 proposuit,
1138 3122 1179 3178 ut
1196 3135 1299 3197 agros

352 3212 587 3290 devastarent,
611 3214 713 3278 villas
735 3222 938 3291 cremarent,
964 3214 1062 3278 lucos
1085 3222 1120 3278 et
1141 3217 1299 3296 pomaria

352 3311 579 3389 succiderent,
604 3312 768 3377 ecclesias
790 3313 991 3395 spoliarent,
1018 3313 1182 3396 quicquid
1206 3333 1299 3377 mas·

351 3409 458 3474 culini
476 3430 583 3474 sexus
603 3412 647 3475 ad
671 3431 794 3474 manns
812 3412 944 3476 veniret
956 3411 1171 3495 jugularent,
1194 3420 1300 3495 atque

351 3506 511 3573 foeminas
529 3510 573 3573 ad
593 3529 692 3574 suam
715 3509 921 3592 explendam
946 3510 1121 3573 libidinem
1142 3531 1301 3577 reserva-
1400 3566 1403 3571 ,

351 3617 439 3685 rent,
465 3609 584 3691 sicque
612 3609 780 3673 ministris
805 3608 881 3693 ejus
910 3609 1038 3690 ubique
1064 3608 1176 3673 ferina
1204 3612 1302 3675 rabie
1403 3602 1406 3607 ⁴

350 3704 655 3785 debacchantibus
682 3709 725 3772 ad
754 3708 928 3772 Oxoniam
959 3708 1099 3772 tandem
1128 3712 1300 3790 pervenit,

387 3902 393 3932 ¹
405 3905 511 3965 Saeuus,
519 3921 565 3954 rex
576 3907 722 3972 Dama]
738 3908 812 3958 Com·
838 3909 946 3958 metiens
961 3909 1011 3957 aad
1028 3908 1144 3971 example
1155 3909 1186 3958 oi
1193 3910 1302 3976 Ubtred,

349 3990 409 4038 pare
426 3976 469 4024 the
485 3977 619 4038 campaign
636 3977 665 4024 ot
677 3978 769 4039 vaeyn
785 3978 811 4025 in
837 3978 902 4027 their
913 3978 975 4027 carl.
1012 3977 1171 4038 Malmsb.p.
1183 3983 1241 4030 29⁰.

348 4046 399 4094 tbis
415 4061 476 4107 year
492 4045 554 4094 witb
571 4045 613 4093 tbe
630 4046 690 4095 Sex.
707 4047 812 4109 chron„
871 4041 1088 4114 ’Fabargenres.]
1100 4048 1172 4108 They
1178 4064 1246 4097 were
1258 4051 1301 4100 tbe

349 4116 417 4166 Ποῖ.
429 4116 479 4165 and
492 4115 611 4165 Malmab.
623 4111 636 4179 ς
650 4118 705 4165 177.
837 4116 990 4166 inhabitants
1007 4115 1037 4164 oi
1050 4116 1093 4165 tbe
1111 4118 1159 4165 live
1176 4122 1259 4168 towns
1275 4120 1305 4169 οἱ

384 4183 395 4212 '
407 4180 703 4252 declamemus]
739 4184 810 4246 They
836 4185 974 4248 Leicester,
985 4186 1302 4250 stamford,1)erby,Not-

349 4255 494 4318 submitted,
510 4255 647 4318 agreeably
665 4259 691 4303 to
708 4253 750 4304 the
771 4254 810 4303 di·
835 4255 957 4320 tingbam‚
968 4255 1019 4305 and
1031 4255 1145 4306 Lincoln.
