3000 5004
352 460 419 523 220
610 472 746 521 socrat
772 471 820 519 un
842 468 1050 519 wnsnovnn

352 631 388 693 in
404 631 464 714 jus
487 649 588 693 suum
612 629 764 710 recepit;
792 629 851 709 qui
871 627 1046 708 deinceps,
1063 645 1169 708 super
1188 646 1312 690 omnes

352 730 549 812 provincias
564 728 702 808 Angliae
719 746 829 809 usque
846 726 890 789 ad
909 725 1036 789 flumen
1052 724 1216 803 Humbri,
1233 746 1310 790 om-

354 829 455 892 uibus
485 829 550 892 sibi
580 829 719 908 regibus
746 827 925 909 subjectis,
951 825 1123 906 regnavit.
1175 824 1311 888 Eodem

353 947 446 991 anuo
472 920 626 1009 'eclipsis
652 926 736 989 solis
762 925 856 989 facta
881 931 935 988 est
960 924 1093 987 decimo
1118 942 1209 986 nono
1235 923 1310 988 kal.

354 1026 577 1108 Septembris,
591 1025 684 1089 circa
700 1024 820 1088 horam
835 1023 903 1087 diei
920 1024 1070 1099 tertiam,
1087 1023 1138 1086 ita
1153 1028 1194 1085 nt
1206 1042 1311 1104 paene

354 1132 449 1190 totus
465 1127 558 1189 orbis
572 1124 656 1189 solis
672 1144 748 1188 esse
763 1132 948 1205 coopertus
959 1123 1061 1204 quasi
1076 1129 1175 1185 scuto
1192 1123 1311 1204 uiger-

354 1227 441 1290 n'mo
454 1226 650 1311 ¹videretur.
676 1247 680 1252 ⁸

429 1396 654 1460 Commendatio
670 1396 739 1458 cite
753 1393 935 1459 namabilis
948 1393 1041 1458 Bada
1048 1392 1232 1480 mbytoff.

407 1520 538 1584 Eodem
563 1539 655 1589 anno
679 1513 808 1596 ²Bedn,
827 1519 881 1583 vir
906 1517 1112 1583 venerabilis
1138 1526 1174 1582 et
1193 1528 1312 1584 mente

240 1603 266 1638 ⁸'
355 1638 492 1700 semper
507 1618 669 1695 caelestis,
685 1617 761 1682 caeli
784 1618 917 1700 palatia
931 1617 1153 1696 conscendit3
1177 1619 1238 1700 qui
1254 1619 1308 1682 di-

356 1718 438 1780 vina
452 1718 580 1781 virtute
603 1718 780 1799 praeditus,
798 1736 863 1780 sua
885 1725 920 1781 et
941 1716 1088 1781 aliorum
1104 1717 1190 1780 vitia
1213 1736 1310 1781 com-

356 1834 512 1896 pescam,
527 1815 653 1896 dignus
669 1824 721 1880 est
738 1818 829 1898 utin
848 1824 978 1880 aetema
993 1816 1158 1879 memoria
1179 1816 1308 1881 habea·

191 1943 344 1980 mame
357 1921 425 1978 tur.
487 1914 572 1977 Erat
596 1925 711 1978 autem
741 1917 922 1998 presbyter
944 1915 1148 1979 venerabilis
1173 1916 1210 1978 in
1234 1935 1310 1980 mo·

190 1987 314 2035 errulum

356 2013 508 2077 nasterio
524 2013 687 2096 principis
705 2014 943 2095 apostolorum
958 2013 1068 2090 Petri,
1086 2014 1177 2096 quod
1200 2020 1255 2077 est
1271 2017 1308 2079 in

356 2111 454 2176 Wire
476 2112 626 2176 fluminis
651 2115 754 2190 ostio,
773 2113 920 2177 Garewe
946 2120 1159 2195 nuncupato,
1180 2112 1309 2178 educa-

356 2220 437 2290 tns3
471 2213 530 2276 ubi
552 2213 616 2275 sub
639 2213 923 2276 reverendissimo
951 2213 1078 2277 abbate
1105 2212 1308 2290 Benedicta,

356 2330 397 2374 ac
431 2312 553 2375 deinde
588 2310 775 2388 ceolfrido,
812 2331 913 2374 omne
949 2318 1085 2395 tempus
1112 2311 1195 2375 vitae
1233 2331 1309 2376 suae

354 2413 501 2492 peregit,
537 2429 578 2474 ac
611 2411 663 2473 vir
696 2411 762 2474 Dei
803 2418 856 2473 ter
887 2412 1010 2474 beatus
1044 2429 1178 2473 omnem
1219 2410 1308 2474 dans

353 2528 494 2590 operam
526 2510 563 2571 in
591 2509 775 2589 scripturis
804 2511 935 2573 sanctis
968 2528 1009 2572 ac
1043 2508 1308 2573 meditationum
1334 2567 1337 2572 .

353 2608 490 2681 studiis,
516 2627 652 2688 semper
679 2617 740 2672 aut
772 2608 902 2672 discere
933 2615 994 2671 aut
1027 2608 1175 2671 scribere
1205 2607 1308 2672 dulce

355 2704 475 2769 habuit
492 2713 554 2769 aut
570 2705 704 2769 docere.
758 2705 861 2770 Nono
878 2707 1011 2770 decimo
1028 2726 1111 2771 vero
1129 2707 1211 2770 vitae
1228 2726 1307 2786 suaa

354 2823 444 2867 anno
464 2805 680 2881 diaconatus,
696 2806 868 2869 tricesimo
885 2825 1024 2887 quoque
1039 2804 1184 2887 gradum
1208 2825 1307 2887 pres·

353 2904 533 2985 byteratus
564 2906 728 2986 suscepit,
761 2924 805 2967 ex
837 2924 906 2986 quo
937 2913 1092 2986 tempore
1124 2905 1308 2985 usquead

354 3021 482 3066 annum
512 3003 628 3066 aetatis
659 3022 731 3065 suae
763 3004 1017 3084 sexagesimum
1055 3023 1100 3066 ex
1129 3003 1307 3084 opusculis

352 3111 550 3167 sanctorum
566 3110 717 3183 patrum,
734 3102 776 3164 ad
800 3102 987 3166 utilitatem
1004 3101 1172 3179 ecclesiae,
1188 3103 1226 3165 iu
1243 3103 1307 3166 tri·

354 3203 454 3283 ginta
475 3222 537 3264 sex
561 3201 805 3277 voluminibus,
833 3202 1059 3283 septuaginta
1084 3209 1164 3264 octo
1185 3201 1307 3280 libros,

354 3320 442 3382 quos
464 3302 539 3382 ipse
563 3302 597 3362 in
622 3300 766 3364 historia
782 3298 977 3381 Anglorum
997 3308 1187 3377 enumerat,
1211 3300 1306 3383 stylo

353 3400 396 3462 ad
423 3419 546 3481 purum
572 3407 721 3481 purgato
741 3417 962 3481 componens,
984 3400 1175 3480 promeruit
1198 3405 1238 3462 ut
1259 3402 1306 3463 ab

352 3498 540 3561 universali
563 3498 707 3562 ecclesia
723 3498 844 3561 doctor
858 3496 1054 3579 Anglorum
1076 3506 1112 3561 et
1129 3505 1229 3581 pater
1245 3519 1306 3562 ve-

353 3598 514 3660 nerabilis
536 3597 658 3660 merito
683 3604 718 3661 et
739 3597 876 3660 nomine
901 3605 1094 3660 censeatur.
1147 3595 1306 3680 Cumque

352 3695 530 3758 historiam
547 3715 667 3775 regum
683 3695 823 3777 Angliae
848 3704 884 3759 et
903 3697 1048 3759 aliarum
1068 3703 1169 3777 gesta
1190 3716 1306 3759 rerum

352 3794 453 3876 quasi
467 3795 557 3856 inter
571 3794 677 3858 libros
694 3815 787 3871 suos,
806 3815 934 3876 magno
958 3795 1073 3858 studio
1095 3794 1307 3873 elaboratos,

386 4018 392 4048 ¹
407 4022 533 4085 Eclipsic,]
542 4020 813 4081 recordedbytthax.
877 4018 992 4090 ’Bedn.]
1020 4024 1069 4071 See
1088 4024 1262 4075 Introduction
1280 4031 1308 4076 lo

349 4090 453 4150 Chron,
463 4093 524 4141 Sim.
543 4091 673 4150 Dnuelm„
686 4091 736 4138 and
755 4091 812 4140 Flo·
843 4093 911 4141 Hist.
921 4092 992 4142 Eccl.
1002 4092 1064 4141 edit.
1077 4093 1108 4142 E.
1120 4094 1157 4142 ll.
1168 4094 1194 4143 S.
1206 4110 1233 4156 p.
1242 4096 1305 4155 vii.;

348 4176 432 4222 renco,
440 4162 496 4210 who
505 4162 591 4223 places
600 4159 706 4209 itonthe
715 4159 812 4209 follow·
842 4162 961 4210 Malmsb.
981 4177 1007 4222 p.
1027 4167 1069 4223 80,
1082 4177 1163 4226 rem
1182 4165 1233 4212 and
1245 4165 1308 4214 Sim.

348 4230 391 4292 ing
402 4231 461 4293 day.
654 4278 657 4283 ,
840 4231 959 4280 Dunelm.
971 4246 997 4292 p.
1009 4234 1050 4280 ol.
