3000 5004
411 442 549 491 anonas
574 442 842 492 nrsronrnnuu.
1059 430 1103 494 47

148 607 231 662 ιιιιιῖ
245 598 350 662 etiam
367 599 412 663 ad
430 619 508 663 eum
528 600 576 663 ibi
590 618 673 664 aves
696 600 922 665 multicoloris
944 603 1101 667 innume·

150 699 276 762 rabiles
301 707 342 762 ut
366 699 584 763 benediceret
606 719 678 778 eas,
709 719 800 782 quae,
825 701 869 764 ad
895 702 1118 784 interprete--

150 797 279 863 tionem
306 800 433 875 sancti,
457 798 656 880 significant
690 818 809 863 omnes
842 808 981 864 sanctos
1013 801 1100 865 utri-

150 914 260 981 usque
283 917 390 962 sexus
407 897 676 963 Hibernensium
696 901 875 981 pervenire
897 900 941 963 ad
965 919 1041 964 eum
1063 901 1099 964 in

151 996 206 1060 die
227 998 353 1081 judicii
381 997 425 1060 od
457 1006 591 1080 patrem
625 1006 660 1061 et
689 999 894 1079 magistrum
918 1019 1031 1075 suum,
1060 1009 1100 1064 ut

150 1104 341 1179 sequantur
368 1096 467 1160 illum
502 1104 582 1161 ante
614 1097 739 1161 Deum.
801 1097 961 1176 Quatuor
988 1099 1099 1163 modis

150 1204 375 1278 coaequantur
392 1189 528 1260 ¹Moses
547 1204 583 1260 et
607 1195 802 1276 Patricius3
825 1197 949 1279 primo,
973 1198 1099 1279 angelo

148 1296 214 1359 sibi
229 1295 446 1379 colloquente
461 1297 498 1359 in
512 1296 598 1360 rubo
609 1297 713 1376 igneo
726 1316 735 1374 ;
751 1295 914 1371 secundo,
929 1296 965 1359 in
981 1305 1098 1360 monte

150 1395 383 1478 quadraginta
402 1394 522 1458 diebus
542 1403 577 1458 et
591 1395 749 1458 noctibus
765 1394 960 1478 jejunavit;
982 1397 1099 1473 tertio,

150 1495 279 1558 similes
309 1495 449 1559 suerunt
484 1502 589 1560 aetate
628 1500 766 1558 centnm
796 1494 921 1575 viginti
951 1495 1098 1558 duorum

150 1613 340 1673 annorum3
375 1601 512 1676 quarto,
546 1594 629 1676 quia
668 1593 888 1676 sepulchrum
921 1595 997 1677 ejus
1027 1614 1098 1658 non

149 1694 335 1772 invenitur,
359 1693 420 1757 sed
449 1692 485 1756 in
508 1693 646 1757 occulto
676 1692 839 1758 humatus
864 1700 930 1770 est,
961 1695 1097 1767 nemine

148 1792 291 1856 sciente.
344 1791 388 1856 In
409 1793 558 1874 pueritia
580 1799 709 1868 autem,
731 1812 808 1856 cum
840 1801 932 1856 θεεθῖ
956 1794 1098 1857 natione

147 1891 378 1957 Hibernensis
403 1899 555 1975 apatre,
571 1911 650 1956 cum
673 1891 808 1955 duabus
829 1893 1005 1956 sororibus
1024 1894 1097 1956 suis

147 1992 184 2055 in
218 1991 372 2056 Scotiam
404 1990 565 2055 venditus
599 1997 653 2054 est
685 1991 823 2055 cuidam
860 1991 1001 2070 homini,
1033 1993 1092 2075 qui

148 2085 302 2155 ²Cuulcu
317 2091 508 2168 dicebatur,
524 2097 560 2153 et
576 2091 753 2172 porcarius
775 2090 868 2154 illius
887 2098 971 2154 erat.
1024 2091 1095 2155 De·

148 2191 252 2273 nique
283 2190 430 2272 septimo
452 2190 584 2253 decimo
611 2190 726 2253 aetatis
756 2208 829 2252 suae
851 2209 942 2253 anno
969 2209 991 2253 a
1014 2209 1095 2272 cap·

148 2290 286 2355 tivitate
309 2288 353 2352 ad
377 2289 527 2371 patriam
548 2307 647 2352 suam
674 2307 834 2352 reversus
860 2295 926 2365 est,
952 2296 987 2352 et
1008 2297 1096 2352 nutu

148 2389 217 2453 Dei
239 2388 349 2453 saeris
381 2387 491 2452 literis
522 2388 690 2464 eruditus,
720 2395 825 2470 atque
851 2387 989 2452 tandem
1021 2387 1095 2452 Ro-

146 2507 239 2553 mam
269 2487 425 2564 veniens,
461 2487 586 2551 ibidem
622 2497 757 2569 tempus
786 2506 887 2551 suum
915 2487 1094 2570 protrahe-

147 2589 209 2652 bat
233 2587 341 2651 donec
374 2587 541 2651 eruditior
565 2586 761 2662 haberetur,
787 2594 995 2669 sanctasque
1016 2607 1095 2669 per-

147 2705 290 2750 currens
321 2686 512 2767 scripturas
544 2685 663 2750 divina
692 2686 859 2767 mysteria
886 2687 1093 2767 penetravit.

148 2785 309 2867 Dumque
343 2784 469 2848 ibidem
504 2792 708 2861 moraretur,
733 2785 860 2848 missus
894 2792 948 2848 est
975 2783 1094 2850 Palla-

147 2883 225 2948 dius
247 2885 431 2966 episcopus
452 2902 476 2946 a
504 2902 597 2966 papa
625 2882 812 2948 Caelestino
840 2883 884 2948 ad
912 2883 1036 2948 Scotos
1057 2885 1095 2950 in

147 2983 323 3047 Christum
345 2982 621 3062 convertendos3
648 2983 709 3065 qui
722 2985 865 3048 verbum
892 2983 960 3048 Dei
983 2985 1094 3065 primo

146 3083 183 3147 in
209 3081 328 3147 Scotia
348 3082 554 3164 praedicans,
576 3081 717 3147 tandem
735 3082 952 3146 Britanniam
975 3101 1096 3164 perve-

147 3182 211 3259 nit,
229 3181 314 3245 etin
331 3189 425 3246 terra
442 3180 619 3245 Pictorum
642 3180 825 3245 defunctus
847 3188 911 3244 θεῖ.
963 3179 1097 3244 Audita

147 3301 230 3346 vero
247 3288 357 3345 morte
372 3279 535 3357 Palladii,
554 3279 739 3356 Patricius,
756 3278 952 3343 Theodosio
967 3287 1002 3343 et
1019 3279 1094 3344 Va·

146 3380 339 3444 lentiniano
369 3379 631 3461 imperantibus,
661 3397 683 3441 a
718 3397 810 3460 papa
835 3377 1023 3441 Caelestino
1050 3378 1094 3442 ad

147 3486 265 3564 partes
292 3478 454 3542 occiduas
480 3478 606 3541 missus
629 3484 695 3555 est,
718 3485 756 3541 ut
775 3476 942 3540 vexillum
964 3485 1095 3541 sanctae

146 3578 258 3642 crucis
272 3578 433 3659 gentibus
446 3577 661 3659 praedicaret.
715 3575 872 3659 Cumque
892 3576 935 3639 ad
957 3576 1095 3642 Britan-
1108 3593 1158 3632 Ρ
1107 3597 1158 3683 ὦ
1159 3593 1195 3682 1¹³
1180 3643 1198 3683 d
1196 3597 1244 3683 ni

147 3679 240 3741 niam
261 3677 488 3759 pervenisset,
510 3676 714 3759 praedicavit
730 3675 778 3739 ibi
796 3676 938 3739 verbum
956 3676 1037 3753 Dei,
1060 3684 1096 3740 θῖ
1230 3654 1252 3683 ⁰⁹

147 3796 169 3840 a
191 3775 353 3858 gentibus
376 3775 528 3858 regionis
550 3775 643 3839 illius
662 3794 741 3839 cnm
764 3775 892 3857 gaudio
916 3782 1096 3858 gratanter

145 3882 329 3957 susceptus
352 3881 415 3939 est.
467 3875 603 3939 Deinde
626 3874 669 3938 ad
692 3873 815 3939 Scotos
839 3894 878 3938 εθ
902 3875 1094 3953 conferens,

181 4078 292 4129 ¹Mom
320 4083 345 4128 ιῖ
378 4074 536 4148 Μυῖα]
562 4081 609 4129 See
669 4076 807 4144 ²Cnulcn‚]
824 4097 853 4131 or
868 4081 978 4144 Milchu,
992 4082 1055 4144 king
1070 4083 1100 4131 ol

144 4150 200 4200 also
218 4149 315 4199 scholia
333 4149 428 4209 quoted
451 4151 485 4210 by
503 4149 609 4211 Ussber,
634 4150 768 4210 Dalraida,
784 4152 810 4199 in
829 4151 940 4201 lreland.
976 4152 1035 4200 Act.
1050 4151 1096 4200 SS.

147 4221 275 4282 Neruius,
285 4219 299 4282 §
310 4224 352 4279 55,
362 4223 427 4269 note.
635 4220 712 4268 Mart.
723 4220 751 4269 ii.
763 4224 822 4269 ⁶2⁵.
