3000 5004
405 439 543 489 eronus
568 441 838 492 ursroaranuu.
1051 430 1095 493 77

142 597 254 674 venis,
269 604 304 661 et
318 596 428 680 ipsius
450 618 571 681 nepos,
589 618 651 681 per
672 600 788 663 omnia
801 599 995 665 diademate
1019 603 1095 684 dig·

142 717 220 773 nus,
236 698 302 760 nisi
318 698 430 761 civilis
447 699 528 762 belli
540 699 629 762 foret
644 708 787 764 amator.
831 700 966 784 Nempe
985 721 1094 765 avun-

142 796 270 872 culum,
285 798 345 880 qui
362 805 443 880 post
459 798 726 862 Constantinum
749 820 895 882 regnare
916 801 1094 877 debuerat,

142 897 330 961 incarcere
352 897 480 979 posuit,
492 898 695 981 duobusque
711 898 791 962 filiis
815 900 890 983 ejus
908 903 1095 984 peremptis

143 1016 286 1077 regnum
302 997 452 1060 obtinuit
465 1005 501 1061 et
518 997 664 1079 triginta
676 999 777 1061 anuis
794 1001 964 1082 regnavit.

375 1171 510 1256 Viqilics
518 1191 610 1254 papa
624 1170 717 1234 csilio
725 1171 869 1255 pellitur.

193 1291 296 1359 Anno
326 1295 450 1376 gratiae
477 1310 604 1358 nxuvu
625 1288 795 1375 ¹Vigilius
818 1314 910 1377 papa
936 1314 958 1358 a
980 1292 1092 1359 Justi·
1107 1319 1217 1380 noma

142 1395 245 1457 niano
262 1395 470 1476 imperatore
489 1393 595 1457 exilio
625 1393 778 1475 pellitur,
804 1414 846 1458 eo
866 1395 957 1477 quod
983 1395 1092 1458 heere·
1105 1370 1216 1460 lllllh

140 1494 246 1557 ticum
273 1491 489 1578 Anthymum
516 1493 559 1556 ad
589 1512 689 1556 suum
719 1495 955 1576 episcopatum
981 1495 1093 1558 noluit

142 1613 314 1657 revocare.

193 1690 297 1757 Anno
313 1693 435 1774 gratiae
451 1708 593 1756 nxuvu.
610 1690 796 1768 AlbuinuS,
814 1713 876 1757 rex
889 1693 1091 1777 Longobar·
1105 1713 1158 1753 an.
1169 1715 1215 1754 ur.

141 1793 273 1870 dorum,
304 1792 571 1868 cunimundum,
602 1813 718 1873 regem
743 1792 968 1876 Gepidarum,
1001 1794 1091 1858 bello
1104 1764 1254 1862 llllllhm.

140 1894 297 1974 peremit.
350 1893 405 1956 Ex
421 1892 521 1976 cujus
541 1893 665 1974 capitis
679 1899 771 1956 testa
784 1893 934 1976 cyphum
957 1895 1023 1958 sibi
1047 1893 1092 1957 ad
1104 1866 1176 1914 “ml

140 1992 324 2055 bibendum
351 1992 500 2074 paravit,
524 1991 698 2074 filiamque
727 1991 803 2075 ejus
837 1995 1011 2076 captivam
1038 2013 1092 2058 se·

140 2111 218 2155 cum
234 2093 408 2156 abducens
423 2092 642 2156 matrimonio
657 2092 723 2155 sibi
737 2093 924 2174 copulavit.

212 2266 352 2351 Rapum
366 2261 710 2328 Nortlonlamdrorum
725 2243 853 2327 initiam
866 2266 1006 2350 sumpsit.

191 2387 295 2456 Anno
317 2390 439 2471 gratiae
463 2404 619 2452 nxnvru.
643 2408 787 2469 regnum
810 2381 1090 2453 ²Northa'nhum·
1104 2411 1214 2452 anun.

140 2491 280 2555 brorum
295 2489 475 2553 exordium
490 2488 648 2570 sumpsit.
703 2487 790 2551 Cum
815 2489 905 2553 enim
931 2463 1254 2572 proceresllhlllll'l

142 2587 334 2672 Anglornm
350 2589 486 2670 magnis
509 2587 685 2651 laboribus
700 2594 735 2651 et
752 2589 926 2652 continuis
942 2590 1091 2672 patriam
1103 2564 1155 2612 ''¹³''

141 2689 236 2753 illam
251 2688 510 2772 subjugassent,
526 2687 639 2763 Idam,
648 2687 813 2770 juvenem
829 2688 1091 2767 nobilissimum,

142 2809 256 2871 regem
272 2788 337 2851 sibi
360 2788 569 2851 unanimiter
586 2786 826 2868 praefecerunt.
879 2787 1010 2852 Genuit
1032 2809 1094 2852 au-

142 2895 212 2952 tem
235 2889 419 2969 exregina
444 2906 508 2950 sua
523 2880 603 2950 ³scx
627 2885 884 2962 minandum
905 2888 1038 2951 scilicet
1058 2897 1093 2952 et

142 2988 370 3065 AEthericum,
399 2986 666 3060 Theodoricum,
700 2987 939 3062 AEthelricum,
970 2986 1092 3050 Osme·

142 3107 231 3164 rum,
246 3095 282 3152 et
298 3086 566 3151 Theodfredum.
618 3085 807 3163 Praeterea,
830 3107 874 3150 ex
892 3086 1093 3150 concubinis

141 3186 228 3251 alios
251 3206 315 3250 sex
338 3187 428 3250 filios
451 3186 643 3268 generavit,
666 3184 780 3266 Ogam
798 3185 958 3249 videlicet
978 3194 1013 3250 ct
1030 3184 1093 3251 Al·

140 3287 262 3364 ricum,
278 3286 440 3363 Eccham,
456 3285 660 3360 Osbaldum,
675 3284 785 3366 Segor
801 3292 836 3349 et
851 3285 1098 3366 Sogotherum.

142 3387 209 3450 Isti
223 3407 343 3452 omues
358 3393 528 3450 venerunt
544 3386 580 3448 in
601 3384 819 3447 Britanniam
843 3404 921 3448 cum
946 3386 1093 3449 navibus

178 3605 188 3638 ¹
205 3606 336 3670 ligitium]
352 3606 407 3655 'l'he
421 3610 508 3654 events
519 3605 548 3654 ol
556 3605 606 3655 this
630 3619 732 3655 assume
748 3604 791 3654 the
810 3605 865 3654 title
883 3605 912 3654 of
927 3605 990 3667 king
1008 3606 1034 3653 in
1051 3606 1093 3655 the

142 3678 194 3728 and
205 3678 248 3726 the
260 3691 322 3738 year
332 3676 462 3737 following
473 3690 517 3724 are
528 3675 605 3725 taken
630 3691 699 3724 same
716 3690 778 3737 year
796 3690 825 3724 aa
843 3675 898 3724 that
916 3676 942 3723 in
959 3675 1044 3724 which
1061 3677 1093 3726 he

141 3748 204 3798 from
216 3748 342 3809 sigebert.
631 3747 683 3794 first
693 3746 786 3794 lauded
798 3751 825 3795 at
835 3745 1030 3808 Flamborough.

176 3814 489 3878 ’Nmtunamtrmm.]
514 3815 605 3865 Before
666 3812 739 3865 'Sex
751 3815 842 3881 filios]
867 3815 953 3877 Carte,
970 3817 1033 3864 from
1052 3816 1093 3865 Si·

138 3887 192 3937 tbia
208 3887 297 3951 period
315 3901 347 3935 no
367 3886 449 3935 notice
466 3885 496 3934 ot*
512 3885 606 3934 North-
630 3900 702 3934 meon
719 3886 749 3934 ot
765 3886 891 3947 Durham,
908 3886 959 3934 and
977 3887 1019 3935 the
1039 3887 1093 3948 Ap·

140 3959 240 4008 umbria
261 3958 285 4006 is
305 3956 385 4005 found
408 3956 434 4003 in
456 3955 499 4004 the
521 3955 605 4003 Saxon
629 3956 760 4017 pendixto
772 3955 955 4017 Nennius,hcs
970 3956 1092 4004 collected

140 4027 285 4078 Chronicle.
332 4026 357 4074 It
378 4039 460 4075 wama
485 4026 605 4088 probablc
630 4027 689 4086 only
700 4027 758 4084 tive,
766 4025 994 4085 Adda,'l'heodric,
1007 4025 1092 4073 Ethel-

138 4098 195 4147 that
207 4097 277 4146 Ida's
294 4094 414 4159 kingdom
431 4095 556 4145 extended
574 4111 606 4144 no
629 4096 675 4155 ric,
691 4095 829 4157 Deotherd,
845 4096 966 4153 Osmera3
984 4094 1052 4143 illst.
1066 4110 1091 4155 p.

140 4167 236 4217 further
246 4166 307 4216 than
319 4167 361 4214 the
372 4166 491 4228 province
502 4165 531 4214 ol
543 4165 605 4214 Ber·
628 4169 687 4214 2⁰8.
723 4165 844 4215 Florence
862 4165 925 4215 calls
941 4164 983 4212 the
999 4164 1092 4212 second

140 4240 219 4301 nicia,
237 4238 307 4286 since
330 4236 362 4285 he
381 4250 436 4284 was
455 4235 562 4284 enabled
579 4240 604 4284 to
629 4234 783 4284 ‘Belricua'
