3000 5004
350 432 413 496 xvi
737 443 910 493 runrlcn.

353 616 391 671 ut
414 607 474 671 illa
495 604 635 670 indutus
661 604 811 668 hostium
836 622 964 666 cuneos
992 607 1188 684 penetraret
1214 600 1301 665 illae·

351 727 422 771 sns.
476 707 558 788 lpse
576 724 657 770 vero
673 703 829 785 magistri
846 703 899 765 sui
916 696 1138 765 ¹caracallam
1161 702 1227 764 sibi
1248 722 1299 764 re-

352 807 464 882 tinuit,
487 805 674 869 certissime
695 804 818 879 sciens,
845 802 937 884 quod
962 822 1031 865 non
1059 801 1168 883 aequis
1190 800 1300 865 oculis

350 926 425 970 eam
451 905 634 969 soevientes
663 904 857 985 aspicerent
882 901 1022 965 inimici.
1075 901 1191 984 Igitur
1214 899 1299 964 Am·

350 1004 521 1088 phibalus,
540 1003 666 1068 Albani
690 1003 847 1084 precibus
869 1001 1096 1083 adquiescens
1112 1010 1193 1065 ante
1209 1000 1298 1065 lucis

351 1112 508 1168 exortum
532 1103 651 1184 fugam
676 1101 833 1183 arripuit,
856 1119 918 1182 per
940 1099 1031 1163 viam
1054 1101 1197 1164 tendens
1219 1121 1299 1183 quae

351 1203 392 1268 de
416 1204 557 1268 civitate
581 1202 693 1283 vergit
718 1201 761 1264 ad
785 1200 1003 1282 aquilonem;
1034 1198 1193 1264 Albanus
1215 1220 1299 1265 vero

350 1323 427 1367 eum
460 1302 688 1378 conducebat,
718 1300 883 1382 quamdiu
913 1299 1080 1363 ambobus
1106 1301 1217 1364 visum
1245 1310 1299 1366 est

350 1403 523 1486 expedire.
577 1401 733 1482 Cumque
762 1398 978 1463 discederent
1004 1399 1048 1462 ab
1072 1400 1232 1477 invicem,
1263 1410 1299 1466 et

351 1503 507 1567 ultimum
526 1499 592 1564 sibi
607 1500 850 1575 valefacerent,
865 1499 943 1580 quis
958 1518 1075 1562 eorum
1089 1498 1298 1582 lachrymas,

352 1603 425 1665 sine
454 1600 652 1683 lachrymis,
680 1599 723 1661 ad
750 1597 949 1662 memoriam
976 1599 1087 1680 possit
1108 1603 1298 1664 revocaret

352 1700 478 1782 Itaque
509 1700 545 1763 in
564 1697 727 1762 Walliam
754 1696 996 1780 Amphibalus,
1023 1698 1067 1762 ad
1094 1700 1297 1783 martyrium

351 1800 493 1863 festinat
507 1797 664 1862 Albanus
688 1797 806 1860 babitu
829 1798 987 1879 magistri
1004 1797 1161 1874 vestitus,
1185 1806 1224 1862 ut
1240 1799 1296 1862 vel

351 1899 416 1963 hoc
433 1898 535 1963 modo
558 1897 737 1980 gentilium
761 1896 894 1961 animos
915 1897 952 1959 in
975 1915 1012 1961 se
1034 1897 1145 1961 solnm
1163 1896 1299 1962 facilius

351 2006 567 2080 provocaret.
617 1995 668 2061 At
701 1997 760 2060 ubi
775 1996 864 2060 'dies
896 2004 1038 2060 exortus
1067 2005 1133 2074 est,
1163 1999 1298 2079 equites

351 2099 474 2161 animis
497 2097 646 2162 efferatis
670 2097 706 2159 in
730 2097 821 2160 ardes
845 2095 973 2160 Albani
1000 2095 1148 2173 irruunt,
1172 2105 1208 2160 et
1223 2097 1300 2160 uni-

351 2218 452 2262 versa
469 2197 718 2281 perlustrantes
733 2198 845 2279 ipsum
864 2196 1002 2259 tandem
1024 2197 1059 2259 in
1081 2197 1222 2279 tugurio
1245 2217 1299 2260 re·

351 2299 489 2380 pariunt
511 2299 547 2361 in
569 2297 688 2360 habitu
709 2295 902 2378 peregrino,
927 2295 1028 2358 nudis
1051 2296 1195 2378 pedibus
1217 2304 1299 2362 anto

351 2417 485 2461 crucem
514 2397 668 2471 Domini,
693 2415 797 2477 quam
825 2395 891 2457 sibi
915 2394 1080 2476 magister
1107 2415 1191 2459 suus
1219 2397 1299 2460 reli-

351 2504 487 2578 querat,
501 2496 659 2578 precibus
673 2494 937 2558 incumbentem.
991 2494 1078 2558 Mox
1100 2495 1195 2558 illum
1213 2498 1300 2560 satis

352 2595 537 2658 inhumane
559 2595 745 2676 rapientes,
764 2592 911 2658 vinculis
936 2593 979 2655 ad
1004 2595 1221 2676 praesentiam
1239 2597 1298 2680 ju-

352 2695 437 2757 dicis
465 2702 722 2777 pertraxerunt,
756 2693 814 2775 qui
845 2701 928 2756 tunc
955 2710 1031 2755 cum
1063 2694 1224 2758 universa
1254 2698 1300 2759 ci·

352 2795 461 2857 vitate
479 2795 548 2857 aris
571 2795 768 2870 assistebat,
791 2800 830 2856 ut
847 2793 912 2855 diis
934 2793 1006 2856 suis
1029 2790 1160 2856 hostias
1182 2795 1301 2858 immo

353 2892 473 2956 larent.
527 2892 683 2957 Albanus
705 2913 798 2967 vero,
826 2901 865 2956 ut
882 2912 920 2955 se
945 2911 1081 2956 serrum
1107 2895 1218 2957 crucis
1243 2913 1300 2958 os-

354 2992 519 3069 tenderet,
541 2993 678 3074 signum
703 2992 922 3056 Dominicum
941 2992 975 3054 in
993 2992 1150 3056 manibus
1168 2993 1301 3077 jugiter

353 3091 569 3174 praeferebat.
622 3090 733 3170 Quom
751 3091 861 3175 judex
885 3091 982 3156 vultu
1006 3092 1200 3156 trucissimo
1223 3113 1302 3176 per·

353 3193 539 3273 stringens,
572 3198 611 3254 ut
639 3190 705 3253 diis
735 3190 873 3254 offerret
900 3191 1076 3268 libamina,
1107 3191 1300 3273 imperavit.

354 3289 420 3355 Cui
446 3292 568 3356 boatus
590 3289 761 3367 AlbannS,
784 3290 884 3353 ‘Diis
919 3291 1043 3354 vestris
1076 3290 1173 3353 falsis
1205 3292 1301 3357 nullo

353 3390 454 3454 modo
477 3391 646 3468 sacrifico,
670 3391 729 3473 qui
750 3408 813 3454 nec
838 3386 904 3453 sibi
925 3409 989 3453 nec
1013 3389 1090 3453 aliis
1113 3390 1302 3473 aliquando

354 3490 580 3572 profuerunt!
631 3489 743 3566 Tunc,
765 3509 809 3553 ex
836 3499 1010 3571 praecepto
1033 3489 1175 3573 judicis,
1193 3489 1301 3555 Alba-

353 3607 419 3650 nus
436 3589 671 3670 apprehensus
688 3589 887 3652 extenditur
902 3588 945 3650 ad
965 3588 1116 3669 flagella,
1132 3590 1192 3653 sed
1213 3591 1304 3654 inter

355 3686 500 3749 verbera
521 3688 628 3749 verba
650 3687 717 3750 Dei
735 3688 867 3770 jugiter
889 3688 1122 3765 resonabant3
1155 3708 1301 3772 cumque

353 3784 511 3847 lictorum
535 3804 658 3849 manus
675 3785 916 3867 fatigarentur,
933 3795 968 3851 et
984 3807 1040 3850 res
1055 3785 1212 3850 effectum
1232 3809 1302 3853 non

353 3883 507 3961 haberet,
523 3886 589 3948 sub
607 3885 763 3949 custodia
783 3884 910 3968 judicis
932 3887 1105 3949 mensibus
1129 3906 1193 3950 sex
1210 3896 1244 3953 et
1262 3909 1303 3952 eo

388 4087 589 4159 ¹Corocnllom.]
617 4094 693 4154 Upon
710 4092 752 4141 the
769 4109 814 4143 use
842 4091 959 4144 [lesber’s
990 4096 1088 4147 Britan.
1116 4097 1187 4146 Eccl.
1217 4098 1304 4159 Antiq.

353 4164 401 4212 aud
423 4165 541 4224 meaning
558 4163 588 4213 of
602 4164 652 4213 thie
671 4163 751 4226 word,
773 4164 815 4213 tho
844 4169 917 4227 lost,
926 4181 952 4227 p.
961 4169 1003 4215 ta.

353 4234 443 4284 readcr
466 4249 522 4295 may
542 4235 641 4283 consult
664 4234 816 4297 archbishop
