3000 5004
401 432 541 480 enonas
565 432 835 484 nrsronrnnun.
1026 420 1092 485 157

139 585 322 669 episcopus
336 608 453 670 regem
473 589 713 655 Kinewalcum
739 600 775 656 et
788 612 932 673 regnum
951 592 1091 676 Angliae

141 686 338 768 relinquens
354 689 390 751 in
406 688 526 753 Gallia
549 692 787 773 episcopatum
811 694 975 774 suscepit,
999 696 1093 758 etin

140 785 217 850 loco
231 786 307 869 ejus
324 788 431 852 Wina
444 790 680 873 episcopatum
695 793 860 874 suscepit.

192 884 297 950 Anno
320 890 443 969 gratiae
468 905 605 953 ιιοιιιιι.
624 884 840 954 ¹Vitalianus
860 892 951 955 sedit
973 892 1009 954 in
1034 910 1092 954 ca·
1106 912 1216 968 nuez.

141 985 263 1049 thedra
279 986 440 1051 Romana
456 988 555 1051 annis
567 989 760 1067 duodecim,
778 991 953 1054 mensibus
970 1010 1045 1067 sex,
1056 997 1091 1054 et
1106 962 1227 1062 Quum

140 1086 291 1247 caessavit
320 1087 419 1151 sedes
452 1089 626 1152 mensibus
651 1089 785 1153 dnobus
817 1098 852 1153 et
880 1089 1001 1153 diebus
1025 1096 1094 1154 tre·

167 1203 265 1249 ecim.

375 1362 530 1426 Olotere‘w
546 1365 687 1448 repnooit
702 1365 735 1427 in
753 1363 872 1429 Gallia.

194 1483 299 1550 Anno
327 1488 450 1567 gratiae
480 1504 633 1550 ncnxul.
657 1481 850 1552 ²clotarius
876 1485 1035 1568 regnavit
1059 1485 1094 1548 in
1109 1506 1217 1546 anos.

147 1585 297 1649 Francia
314 1593 464 1667 quatuor
486 1588 598 1651 annis.
651 1586 782 1651 Eodem
799 1594 952 1669 tempore
968 1586 1004 1648 in
1020 1584 1095 1648 An·
1108 1557 1197 1597 ⁰¹⁰*oe
1207 1556 1249 1596 ω’

145 1683 217 1766 gliu
234 1704 363 1765 magna
386 1686 426 1750 fit
442 1686 649 1769 disceptatio
677 1687 720 1750 de
746 1686 988 1750 observatione
1014 1704 1095 1767 pas·

146 1783 220 1848 chae
242 1784 333 1848 inter
349 1783 485 1867 Anglos
509 1793 545 1850 et
568 1785 712 1864 Scotos3
736 1792 975 1850 convenerunt
997 1804 1095 1848 nam·
1108 1805 1226 1847 ceuncnor

147 1903 214 1965 qne
236 1884 328 1966 apud
352 1884 552 1949 Streneshal
581 1905 643 1949 rex
670 1886 808 1951 Oswius
837 1893 873 1950 et
897 1884 988 1948 filius
1020 1855 1251 1968 ejusmwh‘

143 1977 680 2058 Aldsridns,³Colmannusetiam
690 1984 1095 2062 ScotnS,Lindissarnon·

146 2084 194 2146 sis
219 2085 412 2165 episcopus,
429 2104 507 2147 cum
531 2084 664 2149 clericis
684 2085 756 2148 suis
774 2084 817 2147 de
831 2084 960 2161 Scotia,
978 2083 1097 2148 Cedda

147 2202 284 2265 quoque
295 2183 478 2267 episcopus
491 2203 568 2247 cum
580 2183 690 2248 Hilda
707 2183 895 2261 abbatissa,
907 2184 966 2266 qui
979 2190 1097 2265 partes

149 2282 330 2346 Scotorum
355 2282 540 2363 fovebant;
572 2304 617 2347 ex
642 2285 753 2348 altera
777 2302 860 2348 vero
885 2291 984 2366 parte
1005 2282 1097 2347 Wil-

148 2380 256 2446 fridus
273 2383 453 2466 presbyter
471 2403 549 2446 cum
573 2383 751 2447 monacbis
767 2390 803 2446 et
817 2383 962 2460 clericis,
979 2381 1097 2464 quide

149 2481 380 2546 celebratione
412 2482 551 2565 paschae
581 2482 683 2547 aliter
708 2502 812 2565 quam
843 2481 939 2546 Scoti
968 2481 1097 2545 sentie-

150 2581 244 2645 bant.
295 2581 563 2646 considentibus
597 2583 730 2646 cunctis
759 2582 910 2646 ostendit
938 2601 1000 2645 rex
1030 2580 1098 2643 Os·

150 2681 249 2757 wine,
276 2680 368 2763 quod
394 2689 532 2763 oportet
554 2701 626 2757 eos,
653 2682 712 2764 qui
735 2683 796 2744 uni
825 2682 902 2745 Deo
932 2681 1099 2757 serviunt,

150 2799 254 2852 unam
273 2781 410 2845 vivendi
428 2781 583 2861 regulam
602 2788 718 2845 tenere
735 2801 798 2845 nec
811 2781 846 2844 in
864 2787 1098 2845 sacramento-

150 2899 226 2943 rum
241 2880 431 2944 caelestium
448 2881 678 2945 celebratione
696 2881 904 2963 discrepare,
918 2881 977 2961 qui
992 2899 1098 2943 unum

152 2998 270 3044 ornnes
295 2980 330 3043 in
352 2980 447 3044 caelis
472 2999 614 3062 reguum
633 2988 839 3062 expectant3
864 2979 923 3044 sed
947 2998 1099 3043 commu·

152 3081 242 3144 niter
272 3086 478 3160 quaererent,
510 3099 588 3163 quae
617 3081 731 3144 verior
760 3086 852 3143 esset
882 3078 1036 3152 traditio,
1065 3084 1101 3140 et

152 3178 242 3242 hanc
271 3198 391 3242 omnes
421 3178 568 3242 fideliter
599 3186 835 3260 sequerentur.
888 3177 988 3241 Tunc
1019 3176 1099 3240 Col·

152 3296 313 3354 manuus,
328 3283 338 3311 ‘
352 3277 512 3354 Pascha,'
533 3279 658 3361 inquit,
680 3278 780 3354 ‘hoc,
806 3276 898 3359 quod
922 3295 1025 3359 agere
1047 3295 1103 3339 so-

154 3377 221 3454 leo,
234 3396 257 3441 a
274 3377 463 3460 majoribus
485 3379 570 3441 meis
593 3378 722 3460 accepi,
739 3377 798 3459 qui
816 3395 869 3439 me
887 3375 953 3439 buc
969 3375 1101 3457 episco-

153 3496 235 3559 pum
252 3477 430 3554 miserunt,
445 3476 606 3559 quodque
628 3496 747 3540 omnes
769 3483 885 3559 patres
899 3475 1008 3538 nostri
1025 3475 1102 3538 Deo

154 3576 270 3640 dilecti
295 3577 415 3640 eodem
438 3577 539 3640 modo
563 3576 755 3640 celebrasse
776 3583 985 3654 noscuntur3
1009 3573 1102 3656 quod

154 3694 198 3738 ne
231 3676 287 3739 cui
319 3675 569 3757 reprobandum
606 3695 682 3740 esse
710 3675 880 3752 videatur,
908 3674 1021 3758 ipsum
1050 3681 1103 3738 est

191 3873 200 3906 ¹
217 3875 378 3939 Vitalium]
390 3876 433 3925 He
444 3874 504 3924 died
516 3876 619 3926 accord·
677 3871 688 3904 ³
709 3874 876 3937 Colendum]
899 3873 941 3922 He
962 3874 1105 3923 succeedod

154 3947 199 4008 ing
209 3950 235 3994 to
247 3945 313 4007 Pagi
324 3949 356 3994 st
368 3946 428 3995 Jan.
439 3949 498 3994 cta.
644 3944 757 3992 Finanus
767 3945 793 3992 in
805 3943 919 4004 661,and
930 3943 1049 4006 resigned
1064 3943 1105 3992 hio

190 4012 359 4078 'cuman
376 4014 488 4065 Clotaire
506 4013 558 4064 111.
576 4016 619 4064 be·
643 4013 771 4074 bishoprio
787 4014 814 4061 in
830 4017 888 4075 664,
898 4027 967 4074 upon
981 4012 1023 4061 the
1038 4012 1106 4061 deoi-

156 4099 206 4148 gan
217 4085 257 4134 his
268 4086 339 4147 reign
354 4085 380 4133 ln
392 4087 451 4144 666,
461 4084 563 4146 reigned
575 4085 618 4134 the
643 4084 697 4131 sion
709 4081 739 4131 ol
746 4082 788 4131 the
800 4081 986 4132 above-named
996 4082 1106 4132 oouuoil.

155 4156 209 4204 first
218 4154 277 4204 tour
286 4168 361 4216 years
368 4155 451 4216 alone,
456 4154 510 4211 ,and
520 4154 580 4204 died
592 4154 618 4204 in
643 4152 721 4213 Angl.
733 4153 803 4202 Sacr.
815 4152 833 4202 i.
845 4155 903 4202 696.

87 4235 93 4251 ·
155 4229 205 4274 ow
214 4239 223 4286 ;
240 4226 368 4287 Bouquet,
378 4225 417 4275 iii.
429 4238 456 4285 p.
466 4228 524 4274 666.
