3000 5004
469 410 609 457 scortes
633 410 900 459 maronianum.
1094 395 1161 459 229

204 565 372 648 incipiens
400 585 421 629 a
446 565 564 630 Sicilia
587 574 622 629 et
645 565 821 643 Calabria,
846 585 954 648 usque
979 568 1014 628 in
1039 568 1158 630 urbem

207 666 349 746 regiam,
369 674 405 730 et
432 666 483 729 ita
504 666 701 730 devastavit
718 685 806 742 eam,
831 673 870 729 ut
895 667 999 729 etiarn
1022 665 1056 727 in
1079 666 1158 749 plu·

205 765 300 827 ribus
329 764 484 829 aedificiis
522 785 588 828 non
628 766 842 828 inveniretur
869 764 1063 844 habitator;
1095 765 1156 828 sed

205 871 240 927 et
273 862 483 928 Anastasius
510 865 617 927 nimia
649 865 810 947 passione
843 864 1024 945 fatigatus,
1055 866 1155 946 quasi

204 970 358 1027 stercora
381 963 511 1027 ventris
537 971 724 1039 evomeret,
754 963 893 1026 tandem
916 963 1157 1027 miserabiliter

207 1062 303 1126 obiit.

413 1234 514 1299 satta
528 1233 566 1298 da
580 1233 650 1299 caelo
667 1234 775 1299 cudere
790 1234 945 1298 videatur.

256 1358 360 1423 Anno
386 1359 527 1422 Domini
554 1375 738 1422 nccxuvu.
765 1351 891 1421 ¹stellae
917 1359 959 1420 de
983 1359 1070 1422 caelo
1097 1378 1278 1423 casnm.

205 1461 325 1522 dentes
352 1466 598 1540 apparuerunt,
624 1458 675 1520 ita
699 1465 738 1521 ut
763 1476 881 1520 omnes
907 1457 981 1520 haec
999 1459 1155 1523 videntes
1167 1429 1318 1481 mmmm

204 1559 534 1622 consummationem
550 1557 657 1621 seculi
671 1557 802 1621 instare
818 1563 989 1638 putarent.

397 1729 594 1794 Mircculum
609 1730 646 1792 de
660 1738 765 1793 coacto
780 1701 953 1794 Benedicta.

256 1852 360 1917 Anno
396 1852 537 1916 Domini
567 1868 766 1918 nccxcvur.
798 1845 974 1917 ²monachi
1007 1855 1154 1918 coenobii
1167 1874 1222 1914 an.
1232 1875 1276 1915 ar.

207 1951 425 2016 Cassinensis
440 1952 570 2028 literas,
584 1951 629 2014 ad
646 1952 848 2016 instantiam
859 1951 976 2016 Caroli
988 1955 1118 2034 magni,
1132 1924 1299 2016 affliss‘iin

205 2071 296 2133 papa
316 2050 487 2114 Zacharia
500 2051 771 2133 impetraverunt
788 2051 832 2114 ad
855 2050 1018 2134 Pipinum
1038 2024 1314 2133 regem⁸²'⁸⁰¹¹⁰⁶¹⁰¹‘

207 2150 431 2225 Francorum,
463 2158 633 2232 quatenns
663 2149 852 2213 beatissimi
882 2169 1008 2233 corpus
1040 2151 1153 2215 Bene·

204 2249 300 2327 dicti,
315 2248 408 2330 quod
433 2248 592 2312 monachi
621 2248 858 2313 Floriacenses
883 2249 974 2314 furto
1000 2250 1152 2314 abstule-

205 2356 294 2425 rant,
317 2348 360 2411 ad
386 2349 562 2431 proprium
588 2349 768 2413 remittant
790 2348 916 2426 locum,
933 2356 973 2412 ut
995 2349 1153 2431 praedicti

205 2448 296 2511 servi
312 2448 377 2511 Dei
397 2446 439 2511 de
454 2447 616 2510 restituto
632 2448 698 2510 sibi
714 2455 812 2530 patre
827 2466 891 2511 suo
911 2449 1098 2529 gaudeant,
1116 2456 1152 2513 ct

202 2546 270 2629 ipsi
296 2546 375 2610 inde
398 2564 420 2608 a
450 2547 528 2609 Deo
553 2546 743 2610 mercedem
772 2547 972 2626 obtineant3
1004 2567 1152 2629 cumque

202 2648 280 2728 pius
308 2665 370 2709 rex
387 2644 553 2727 ·Pipinus
581 2644 669 2708 hanc
697 2645 879 2728 epistolam
911 2646 1152 2723 intellexisset,

203 2745 414 2827 Remigium,
424 2744 742 2825 Rothomagensem
758 2745 1064 2828 archiepiscopum,
1073 2766 1151 2810 curn

204 2845 314 2910 tribus
340 2843 511 2927 episcopis
540 2842 735 2907 Floriacum
766 2848 926 2927 potenter
951 2843 1091 2920 direxit,
1114 2857 1153 2908 ut

203 2945 390 3007 maximam
407 2951 541 3025 partem
563 2944 717 3026 corporis
740 2944 851 3007 sancti
869 2942 1049 3007 Benedicti
1065 2942 1152 3007 Cas·

124 3026 131 3039 ’
202 3041 1151 3124 sinensibusmonachisredderent‚itaquodFloriacum

203 3143 449 3206 monasterium
480 3161 550 3204 non
578 3142 716 3204 omnino
747 3143 935 3222 privarent.
995 3140 1062 3204 Sed
1096 3160 1152 3203 res

202 3260 281 3304 curn
301 3241 581 3304 Floriacensibus
595 3241 746 3303 innotuit
761 3240 937 3316 fratribus,
954 3239 1152 3302 triduanum

203 3340 418 3403 celebrantes
436 3339 609 3422 jejunium
632 3346 713 3401 ante
736 3338 812 3421 ejus
831 3338 1050 3420 sepulchrum
1074 3358 1151 3402 curn

201 3439 387 3522 lachrymis
402 3439 561 3514 orabant,
576 3437 742 3513 dicentes,
758 3437 810 3501 ίΟ
826 3439 928 3501 unica
942 3445 1022 3520 post
1038 3438 1152 3501 Deum

201 3558 281 3620 spes
306 3544 438 3614 nostra,
455 3544 554 3619 pater
572 3536 772 3612 Benedicta,
797 3537 933 3618 suscipe
953 3556 1151 3620 quaesumus

201 3637 396 3720 lachrymas
421 3644 559 3700 nostras
584 3644 622 3699 ut
648 3655 789 3699 maneas
813 3637 989 3702 nobiscum
1018 3636 1054 3700 in
1075 3637 1152 3700 loco

240 3882 342 3930 'Stella
353 3881 382 3928 de
393 3879 482 3941 calm]
501 3877 620 3927 recorded
638 3878 664 3924 in
690 3877 797 3927 (bnsult
820 3879 953 3938 blabillon,
971 3878 1064 3927 Annal.
1084 3879 1111 3925 ii.
1127 3894 1151 3937 p.

201 3952 244 3999 the
256 3951 316 3999 Sar.
328 3950 422 3999 Chron.
435 3952 459 3996 in
478 3949 520 3996 tire
532 3962 593 4008 year
608 3951 666 4008 744,
693 3952 748 4008 151,
759 3948 843 3995 where
858 3947 893 3995 all
905 3947 947 3994 the
958 3948 1153 3995 circumstances

201 4021 251 4070 and
263 4022 296 4080 by
310 4020 428 4068 Florencc
441 4020 465 4066 in
477 4021 535 4066 74³.
691 4017 827 4064 connected
847 4017 909 4066 with
931 4017 982 4065 this
1001 4017 1153 4065 cansarum
1178 4032 1187 4050 ·

237 4087 370 4138 ’Moaochi
381 4088 481 4136 cenobii
489 4080 665 4151 crassianae]
676 4092 679 4141 1
691 4101 734 4135 aro
745 4086 865 4135 detailed.
