3000 5004
464 407 602 456 neonus
627 407 897 458 nrsronmnuu.
1089 396 1154 460 127

203 567 237 628 in
264 572 376 629 strato
391 565 596 647 quiesceret,
609 565 696 628 vidit
712 565 883 628 hominem
909 567 973 630 sibi
997 568 1153 648 ignotum

200 666 338 747 penitus
356 664 554 727 adstantem
571 671 606 728 et
626 665 797 728 dicentem
815 667 893 742 sibi,
911 665 1027 744 ‘Quid
1054 668 1155 731 dares

106 758 112 770 ’
203 764 331 827 homini
345 765 405 846 qui
428 772 463 827 te
481 765 525 826 ab
547 764 612 826 hac
633 765 869 828 moestitudine
890 766 1096 844 absolveret,
1120 777 1154 831 et

203 863 417 927 Reodwaldo
440 864 514 944 regi
537 870 578 925 ut
599 870 633 927 te
656 862 815 944 diligeret
835 864 1032 929 suaderetl’
1085 866 1156 945 Qui

203 983 281 1027 cum
292 961 675 1045 responderet,‘0mnia
685 982 763 1045 quae
776 965 936 1046 possem,'
945 964 1073 1047 adjecit
1084 966 1155 1042 ille,

201 1062 316 1141 ‘Quid
332 1063 362 1125 si
376 1063 454 1144 quis
473 1070 507 1126 te
524 1081 642 1143 regem
656 1062 810 1125 futurum
825 1065 1054 1145 potentiorem
1064 1066 1156 1145 prio-

203 1163 310 1239 ribus,
336 1162 502 1226 extinctis
529 1160 699 1239 hostibus,
715 1181 796 1225 vere
826 1163 1043 1243 promitteret
1055 1159 1081 1226 l'
1103 1184 1155 1227 re-

201 1261 393 1344 spondente
425 1260 592 1324 Eadwino
633 1268 672 1322 ut
706 1262 814 1342 prius,
851 1260 984 1325 addidit
1015 1263 1153 1340 iterum,

203 1359 318 1438 ‘Quid
332 1361 361 1423 si
377 1361 454 1441 quis
476 1360 537 1423 tibi
555 1359 735 1423 meliorem
751 1359 833 1422 vitae
850 1361 942 1423 viam
958 1362 1155 1426 ostenderet

203 1480 306 1541 quam
337 1458 464 1541 aliquis
488 1468 672 1541 parentum
700 1467 837 1522 tuorum
860 1460 1031 1537 habuerit,
1055 1481 1153 1523 num·

202 1559 284 1640 quid
315 1559 366 1622 illi
396 1558 691 1642 obtemperaresl'
741 1558 971 1624 Promittente
997 1560 1062 1623 hoc
1085 1562 1150 1624 sibi

202 1658 395 1722 firmissime
418 1658 597 1735 Eadwino,
621 1657 773 1721 subdidit
788 1658 859 1734 ille,
877 1660 1056 1741 imponens
1079 1679 1152 1722 ma-

204 1778 268 1821 nus
290 1759 397 1841 capiti
413 1758 501 1842 ejus,
516 1756 628 1821 ‘Cum
645 1777 728 1839 ergo
746 1756 811 1820 hoc
829 1759 892 1822 tibi
916 1759 1054 1841 signum
1075 1779 1153 1823 eve-

203 1858 304 1933 nerit,
318 1865 490 1920 memento
507 1857 609 1920 istius
625 1857 789 1939 temperis
804 1865 839 1920 et
855 1859 1023 1922 sermonis
1034 1858 1056 1936 ;'
1082 1879 1151 1940 quo

203 1956 294 2020 dicto
316 1964 458 2040 repente
480 1956 663 2037 disparuit,
678 1965 718 2019 ut
734 1956 944 2039 intelligeret
959 1977 1027 2020 non
1042 1957 1152 2020 homi·

203 2075 279 2119 nem
297 2076 373 2119 esse
391 2056 450 2119 sed
468 2057 640 2137 spiritum.
692 2054 742 2120 At
756 2057 815 2119 ubi
829 2075 929 2119 mane
942 2057 1083 2140 juvenis
1098 2077 1153 2120 re·

202 2156 280 2236 gius
295 2156 390 2219 solus
405 2155 552 2231 sederet,
568 2155 736 2236 praefatus
750 2156 882 2217 amicus
899 2157 993 2219 venit
1006 2156 1049 2218 ad
1061 2176 1152 2233 eum,

202 2261 238 2318 et
269 2256 331 2331 ait,
354 2255 487 2336 ‘Surge
515 2253 648 2330 hilaris,
675 2260 846 2316 mutatum
876 2262 930 2317 est
957 2274 1017 2318 cor
1040 2256 1151 2336 regis3

204 2372 283 2416 nam
310 2354 454 2417 consilio
486 2354 616 2434 reginae
641 2352 742 2415 fidem
773 2353 835 2416 tibi
870 2374 1009 2418 servare
1034 2354 1151 2435 dispo·

204 2452 297 2517 suit?
349 2452 441 2531 Quid
457 2452 584 2536 plural
637 2451 885 2530 Reodwaldus,
901 2461 940 2517 ut
957 2473 1064 2536 supra
1078 2453 1150 2517 dic-

205 2560 276 2616 tum
303 2559 368 2629 est,
395 2552 469 2633 regi
487 2550 683 2615 Athelfrido
706 2552 835 2615 bellum
859 2554 981 2631 movit,
999 2563 1034 2617 et
1059 2553 1151 2618 Ead-

204 2653 331 2716 winum
356 2652 391 2714 in
414 2671 559 2733 regnum
576 2651 749 2730 restituit3
773 2671 919 2734 cumque
938 2652 1106 2716 Paulinus
1130 2673 1153 2717 a

205 2751 337 2833 Spiritu
353 2751 482 2815 Sancto
508 2751 664 2827 edoctus,
679 2750 744 2813 hoc
758 2751 935 2815 oraculum
959 2755 1034 2834 regi
1056 2762 1151 2817 retu·

203 2850 314 2927 lisset,
344 2870 467 2914 manus
494 2851 600 2932 capiti
631 2851 708 2935 ejus
737 2850 930 2932 imponens,
964 2872 1081 2933 regem
1108 2852 1152 2915 ad

203 2950 308 3032 pedes
337 2951 413 3034 ejus
447 2950 625 3032 procidere
654 2950 826 3013 volentem
867 2951 989 3026 erexit,
1021 2959 1056 3014 et
1091 2969 1153 3013 ex·

204 3049 347 3113 hortans
373 3069 452 3112 eum
477 3050 520 3112 ad
553 3049 656 3113 fidem
687 3049 778 3130 quod
810 3050 911 3131 petiit
939 3050 1151 3132 impetravit.

205 3148 286 3212 Rex
300 3150 407 3230 igitur
423 3149 479 3213 die
493 3157 615 3212 sancto
632 3148 777 3212 Paschoe
791 3156 826 3211 et
842 3149 944 3211 multi
958 3169 1036 3213 cum
1058 3168 1099 3211 eo
1117 3149 1152 3210 in
1165 3166 1199 3207 nu
1208 3167 1305 3217 upum.

204 3249 350 3312 ecclesia
377 3249 489 3312 sancti
518 3248 627 3325 Petri,
652 3267 755 3329 quam
780 3247 855 3328 ipse
881 3245 924 3310 de
949 3248 1044 3328 liguo
1070 3267 1152 3310 con-

203 3354 391 3423 struxerat,
417 3367 439 3411 a
460 3347 608 3411 Paulino
637 3348 844 3428 baptizatus
861 3346 955 3409 idola
980 3353 1153 3410 eteorum

203 3465 282 3511 aras
298 3448 435 3529 penitus
451 3447 636 3510 destruxit.
689 3445 824 3508 Deinde
846 3445 881 3507 iu
904 3445 1046 3509 civitate
1061 3445 1152 3509 Ebo-

205 3547 276 3610 raci
303 3546 418 3609 sedem
435 3547 664 3628 episcopalem
679 3544 829 3608 Pauline
850 3547 1077 3622 constituem,
1097 3565 1153 3609 ec-

204 3645 344 3709 clesiam
370 3646 416 3709 ibi
435 3645 606 3726 lapideam
623 3645 817 3721 fabricavit,
831 3645 867 3707 in
890 3665 961 3727 qua
985 3646 1152 3728 baptizati

203 3752 287 3809 sunt
302 3744 400 3808 liberi
428 3745 503 3829 ejus
526 3765 605 3808 cum
628 3745 781 3807 maxima
800 3745 1021 3809 multitudine
1044 3745 1153 3809 homi·

203 3864 298 3922 num,
320 3845 371 3907 ita
385 3844 475 3926 quod
494 3845 530 3907 in
552 3844 650 3907 brevi
671 3844 707 3907 in
729 3851 802 3908 toto
818 3864 925 3927 regno
947 3845 1024 3929 ejus
1038 3845 1155 3908 nullus

203 3950 257 4008 est
274 3945 437 4008 inventus
451 3943 612 4008 infidelis.
