<?xml version="1.0" encoding="UTF-8"?>
<!DOCTYPE html PUBLIC "-//W3C//DTD XHTML 1.0 Transitional//EN"
    "http://www.w3.org/TR/xhtml1/DTD/xhtml1-transitional.dtd">
<html xmlns="http://www.w3.org/1999/xhtml" xml:lang="en" lang="en">
 <head>
  <title>
</title>
<meta http-equiv="Content-Type" content="text/html;charset=utf-8" />
  <meta name='ocr-system' content='tesseract 3.04.00' />
  <meta name='ocr-capabilities' content='ocr_page ocr_carea ocr_par ocr_line ocrx_word'/>
</head>
<body>
  <div class='ocr_page' id='page_1' title='image "./rogeridewendove05rogegoog_0461.png"; bbox 0 0 2932 4980; ppageno 0'>
   <div class='ocr_carea' id='block_1_1' title="bbox 339 480 1037 545">
    <p class='ocr_par' dir='ltr' id='par_1_1' title="bbox 339 480 1037 545">
     <span class='ocr_line' id='line_1_1' title="bbox 339 480 1037 545; baseline -0.016 -1"><span class='ocrx_word' id='word_1_1' title='bbox 339 480 405 545; x_wconf 81' lang='grc'><strong>416</strong></span> <span class='ocrx_word' id='word_1_2' title='bbox 598 489 732 538; x_wconf 82' lang='lat' dir='ltr'><strong>noonnr</strong></span> <span class='ocrx_word' id='word_1_3' title='bbox 757 488 804 536; x_wconf 84' lang='lat' dir='ltr'><strong>nn</strong></span> <span class='ocrx_word' id='word_1_4' title='bbox 827 485 1037 536; x_wconf 80' lang='lat' dir='ltr'><strong>wnuuovnn</strong></span> 
     </span>
    </p>
   </div>
   <div class='ocr_carea' id='block_1_2' title="bbox 339 641 1352 3804">
    <p class='ocr_par' dir='ltr' id='par_1_2' title="bbox 339 641 1352 3804">
     <span class='ocr_line' id='line_1_2' title="bbox 339 641 1294 726; baseline -0.01 -11"><span class='ocrx_word' id='word_1_5' title='bbox 339 649 483 726; x_wconf 88' lang='lat' dir='ltr'><strong>dentali,</strong></span> <span class='ocrx_word' id='word_1_6' title='bbox 498 648 593 713; x_wconf 86' lang='lat' dir='ltr'><strong>millo</strong></span> <span class='ocrx_word' id='word_1_7' title='bbox 608 648 776 712; x_wconf 90' lang='lat' dir='ltr'><strong>ducentas</strong></span> <span class='ocrx_word' id='word_1_8' title='bbox 792 646 829 709; x_wconf 91' lang='lat' dir='ltr'><strong>in</strong></span> <span class='ocrx_word' id='word_1_9' title='bbox 842 641 1117 720; x_wconf 81' lang='lat' dir='ltr'><strong>australi,mille</strong></span> <span class='ocrx_word' id='word_1_10' title='bbox 1132 641 1294 706; x_wconf 82' lang='lat' dir='ltr'><strong>ducentas</strong></span> 
     </span>
     <span class='ocr_line' id='line_1_3' title="bbox 340 740 1292 832; baseline -0.011 -19"><span class='ocrx_word' id='word_1_11' title='bbox 340 752 376 814; x_wconf 91' lang='lat' dir='ltr'><strong>in</strong></span> <span class='ocrx_word' id='word_1_12' title='bbox 397 747 660 832; x_wconf 82' lang='lat' dir='ltr'>septentrionali</span> <span class='ocrx_word' id='word_1_13' title='bbox 677 746 804 829; x_wconf 82' lang='lat' dir='ltr'>pelago</span> <span class='ocrx_word' id='word_1_14' title='bbox 825 743 1020 819; x_wconf 87' lang='lat' dir='ltr'><strong>constituit,</strong></span> <span class='ocrx_word' id='word_1_15' title='bbox 1048 748 1090 806; x_wconf 84' lang='lat' dir='ltr'><strong>ut</strong></span> <span class='ocrx_word' id='word_1_16' title='bbox 1113 740 1162 806; x_wconf 88' lang='lat' dir='ltr'><strong>ad</strong></span> <span class='ocrx_word' id='word_1_17' title='bbox 1185 741 1292 805; x_wconf 86' lang='lat' dir='ltr'><strong>delen·</strong></span> 
     </span>
     <span class='ocr_line' id='line_1_4' title="bbox 340 840 1293 928; baseline -0.009 -16"><span class='ocrx_word' id='word_1_18' title='bbox 340 850 473 913; x_wconf 90' lang='lat' dir='ltr'><strong>sionem</strong></span> <span class='ocrx_word' id='word_1_19' title='bbox 503 848 601 928; x_wconf 87' lang='lat' dir='ltr'><strong>regni</strong></span> <span class='ocrx_word' id='word_1_20' title='bbox 630 846 685 909; x_wconf 89' lang='lat' dir='ltr'><strong>sui</strong></span> <span class='ocrx_word' id='word_1_21' title='bbox 709 851 832 909; x_wconf 90' lang='lat' dir='ltr'><strong>contra</strong></span> <span class='ocrx_word' id='word_1_22' title='bbox 859 850 999 907; x_wconf 83' lang='lat' dir='ltr'><strong>exteras</strong></span> <span class='ocrx_word' id='word_1_23' title='bbox 1026 843 1197 905; x_wconf 74' lang='lat' dir='ltr'><strong>nationes</strong></span> <span class='ocrx_word' id='word_1_24' title='bbox 1229 840 1293 904; x_wconf 92' lang='lat' dir='ltr'><strong>bel·</strong></span> 
     </span>
     <span class='ocr_line' id='line_1_5' title="bbox 340 940 1293 1012; baseline -0.01 0"><span class='ocrx_word' id='word_1_25' title='bbox 340 949 452 1012; x_wconf 93' lang='lat' dir='ltr'><strong>lorum</strong></span> <span class='ocrx_word' id='word_1_26' title='bbox 477 945 678 1010; x_wconf 87' lang='lat' dir='ltr'><strong>discrimina</strong></span> <span class='ocrx_word' id='word_1_27' title='bbox 703 944 927 1008; x_wconf 81' lang='lat' dir='ltr'><strong>sustinerent.</strong></span> <span class='ocrx_word' id='word_1_28' title='bbox 990 940 1164 1006; x_wconf 82' lang='lat' dir='ltr'><strong>Habebat</strong></span> <span class='ocrx_word' id='word_1_29' title='bbox 1187 949 1293 1004; x_wconf 88' lang='lat' dir='ltr'><strong>autem</strong></span> 
     </span>
     <span class='ocr_line' id='line_1_6' title="bbox 340 1040 1293 1129; baseline -0.007 -20"><span class='ocrx_word' id='word_1_30' title='bbox 340 1055 511 1129; x_wconf 87' lang='lat' dir='ltr'><strong>praeterea</strong></span> <span class='ocrx_word' id='word_1_31' title='bbox 524 1045 617 1110; x_wconf 91' lang='lat' dir='ltr'><strong>omni</strong></span> <span class='ocrx_word' id='word_1_32' title='bbox 639 1053 794 1126; x_wconf 90' lang='lat' dir='ltr'><strong>tempore</strong></span> <span class='ocrx_word' id='word_1_33' title='bbox 810 1041 892 1105; x_wconf 87' lang='lat' dir='ltr'><strong>vitae</strong></span> <span class='ocrx_word' id='word_1_34' title='bbox 913 1059 988 1104; x_wconf 86' lang='lat' dir='ltr'><strong>suae</strong></span> <span class='ocrx_word' id='word_1_35' title='bbox 1009 1040 1293 1104; x_wconf 84' lang='lat' dir='ltr'><strong>consuetudinem</strong></span> 
     </span>
     <span class='ocr_line' id='line_1_7' title="bbox 341 1138 1294 1230; baseline -0.007 -22"><span class='ocrx_word' id='word_1_36' title='bbox 341 1165 404 1230; x_wconf 90' lang='lat' dir='ltr'><strong>per</strong></span> <span class='ocrx_word' id='word_1_37' title='bbox 417 1164 535 1208; x_wconf 88' lang='lat' dir='ltr'><strong>omnes</strong></span> <span class='ocrx_word' id='word_1_38' title='bbox 557 1144 655 1224; x_wconf 78' lang='lat' dir='ltr'><strong>regni</strong></span> <span class='ocrx_word' id='word_1_39' title='bbox 678 1142 874 1225; x_wconf 89' lang='lat' dir='ltr'><strong>provincias</strong></span> <span class='ocrx_word' id='word_1_40' title='bbox 890 1140 1052 1216; x_wconf 88' lang='lat' dir='ltr'><strong>transire,</strong></span> <span class='ocrx_word' id='word_1_41' title='bbox 1068 1147 1111 1202; x_wconf 94' lang='lat' dir='ltr'><strong>ut</strong></span> <span class='ocrx_word' id='word_1_42' title='bbox 1127 1138 1294 1221; x_wconf 87' lang='lat' dir='ltr'><strong>quomodo</strong></span> 
     </span>
     <span class='ocr_line' id='line_1_8' title="bbox 342 1237 1296 1328; baseline -0.007 -21"><span class='ocrx_word' id='word_1_43' title='bbox 342 1244 458 1326; x_wconf 83' lang='lat' dir='ltr'><strong>legum</strong></span> <span class='ocrx_word' id='word_1_44' title='bbox 467 1245 552 1328; x_wconf 88' lang='lat' dir='ltr'><strong>jura</strong></span> <span class='ocrx_word' id='word_1_45' title='bbox 577 1250 613 1307; x_wconf 89' lang='lat' dir='ltr'><strong>et</strong></span> <span class='ocrx_word' id='word_1_46' title='bbox 626 1260 767 1305; x_wconf 89' lang='lat' dir='ltr'><strong>suorum</strong></span> <span class='ocrx_word' id='word_1_47' title='bbox 784 1245 919 1303; x_wconf 86' lang='lat' dir='ltr'><strong>statuta</strong></span> <span class='ocrx_word' id='word_1_48' title='bbox 932 1237 1156 1302; x_wconf 86' lang='lat' dir='ltr'><strong>decretorum</strong></span> <span class='ocrx_word' id='word_1_49' title='bbox 1173 1258 1197 1301; x_wconf 98' lang='lat' dir='ltr'><strong>a</strong></span> <span class='ocrx_word' id='word_1_50' title='bbox 1210 1239 1296 1320; x_wconf 88' lang='lat' dir='ltr'><strong>prin·</strong></span> 
     </span>
     <span class='ocr_line' id='line_1_9' title="bbox 342 1336 1296 1425; baseline -0.006 -19"><span class='ocrx_word' id='word_1_51' title='bbox 342 1344 477 1425; x_wconf 85' lang='lat' dir='ltr'><strong>cipibus</strong></span> <span class='ocrx_word' id='word_1_52' title='bbox 500 1344 779 1416; x_wconf 83' lang='lat' dir='ltr'><strong>observarentur,</strong></span> <span class='ocrx_word' id='word_1_53' title='bbox 795 1347 831 1402; x_wconf 88' lang='lat' dir='ltr'><strong>et</strong></span> <span class='ocrx_word' id='word_1_54' title='bbox 845 1358 888 1401; x_wconf 94' lang='lat' dir='ltr'><strong>ne</strong></span> <span class='ocrx_word' id='word_1_55' title='bbox 910 1356 1085 1420; x_wconf 80' lang='lat' dir='ltr'><strong>pauperes</strong></span> <span class='ocrx_word' id='word_1_56' title='bbox 1111 1356 1135 1399; x_wconf 98' lang='lat' dir='ltr'><strong>a</strong></span> <span class='ocrx_word' id='word_1_57' title='bbox 1149 1336 1296 1419; x_wconf 83' lang='lat' dir='ltr'><strong>potenti·</strong></span> 
     </span>
     <span class='ocr_line' id='line_1_10' title="bbox 342 1436 1297 1525; baseline -0.006 -20"><span class='ocrx_word' id='word_1_58' title='bbox 342 1443 409 1505; x_wconf 91' lang='lat' dir='ltr'><strong>bus</strong></span> <span class='ocrx_word' id='word_1_59' title='bbox 435 1441 673 1525; x_wconf 83' lang='lat' dir='ltr'><strong>praejudicium</strong></span> <span class='ocrx_word' id='word_1_60' title='bbox 690 1439 784 1521; x_wconf 88' lang='lat' dir='ltr'><strong>passi</strong></span> <span class='ocrx_word' id='word_1_61' title='bbox 807 1437 1099 1519; x_wconf 83' lang='lat' dir='ltr'><strong>opprimerentur,</strong></span> <span class='ocrx_word' id='word_1_62' title='bbox 1117 1436 1297 1518; x_wconf 84' lang='lat' dir='ltr'><strong>diligenter</strong></span> 
     </span>
     <span class='ocr_line' id='line_1_11' title="bbox 342 1535 1296 1622; baseline -0.006 -18"><span class='ocrx_word' id='word_1_63' title='bbox 342 1541 555 1622; x_wconf 82' lang='lat' dir='ltr'><strong>investigare</strong></span> <span class='ocrx_word' id='word_1_64' title='bbox 577 1539 724 1614; x_wconf 85' lang='lat' dir='ltr'><strong>solebat,</strong></span> <span class='ocrx_word' id='word_1_65' title='bbox 745 1538 781 1600; x_wconf 94' lang='lat' dir='ltr'><strong>in</strong></span> <span class='ocrx_word' id='word_1_66' title='bbox 803 1556 874 1601; x_wconf 93' lang='lat' dir='ltr'><strong>uno</strong></span> <span class='ocrx_word' id='word_1_67' title='bbox 896 1535 1108 1612; x_wconf 84' lang='lat' dir='ltr'><strong>fortitudini,</strong></span> <span class='ocrx_word' id='word_1_68' title='bbox 1132 1536 1170 1599; x_wconf 91' lang='lat' dir='ltr'><strong>in</strong></span> <span class='ocrx_word' id='word_1_69' title='bbox 1193 1536 1296 1599; x_wconf 87' lang='lat' dir='ltr'><strong>altero</strong></span> 
     </span>
     <span class='ocr_line' id='line_1_12' title="bbox 339 1634 1295 1722; baseline -0.004 -20"><span class='ocrx_word' id='word_1_70' title='bbox 339 1639 488 1722; x_wconf 86' lang='lat' dir='ltr'><strong>justitiae</strong></span> <span class='ocrx_word' id='word_1_71' title='bbox 511 1638 667 1715; x_wconf 86' lang='lat' dir='ltr'><strong>studens,</strong></span> <span class='ocrx_word' id='word_1_72' title='bbox 686 1645 721 1701; x_wconf 89' lang='lat' dir='ltr'><strong>et</strong></span> <span class='ocrx_word' id='word_1_73' title='bbox 738 1636 935 1718; x_wconf 82' lang='lat' dir='ltr'><strong>reipublicae</strong></span> <span class='ocrx_word' id='word_1_74' title='bbox 958 1634 1132 1717; x_wconf 81' lang='lat' dir='ltr'><strong>regnique</strong></span> <span class='ocrx_word' id='word_1_75' title='bbox 1156 1634 1295 1698; x_wconf 84' lang='lat' dir='ltr'><strong>utilitati</strong></span> 
     </span>
     <span class='ocr_line' id='line_1_13' title="bbox 343 1733 1297 1818; baseline -0.005 -17"><span class='ocrx_word' id='word_1_76' title='bbox 343 1737 528 1801; x_wconf 86' lang='lat' dir='ltr'><strong>consulens</strong></span> <span class='ocrx_word' id='word_1_77' title='bbox 547 1739 584 1800; x_wconf 89' lang='lat' dir='ltr'><strong>in</strong></span> <span class='ocrx_word' id='word_1_78' title='bbox 605 1746 772 1818; x_wconf 82' lang='lat' dir='ltr'><strong>utroque3</strong></span> <span class='ocrx_word' id='word_1_79' title='bbox 798 1734 879 1798; x_wconf 89' lang='lat' dir='ltr'><strong>hinc</strong></span> <span class='ocrx_word' id='word_1_80' title='bbox 901 1733 1059 1798; x_wconf 86' lang='lat' dir='ltr'><strong>hostibus</strong></span> <span class='ocrx_word' id='word_1_81' title='bbox 1082 1734 1297 1815; x_wconf 88' lang='lat' dir='ltr'><strong>circumqua-</strong></span> 
     </span>
     <span class='ocr_line' id='line_1_14' title="bbox 344 1837 1297 1918; baseline -0.004 -19"><span class='ocrx_word' id='word_1_82' title='bbox 344 1855 412 1918; x_wconf 87' lang='lat' dir='ltr'><strong>que</strong></span> <span class='ocrx_word' id='word_1_83' title='bbox 427 1837 542 1912; x_wconf 90' lang='lat' dir='ltr'><strong>timor,</strong></span> <span class='ocrx_word' id='word_1_84' title='bbox 557 1845 593 1900; x_wconf 88' lang='lat' dir='ltr'><strong>et</strong></span> <span class='ocrx_word' id='word_1_85' title='bbox 608 1837 759 1900; x_wconf 92' lang='lat' dir='ltr'><strong>omnium</strong></span> <span class='ocrx_word' id='word_1_86' title='bbox 780 1853 878 1898; x_wconf 89' lang='lat' dir='ltr'><strong>amor</strong></span> <span class='ocrx_word' id='word_1_87' title='bbox 892 1852 977 1914; x_wconf 81' lang='lat' dir='ltr'><strong>erga</strong></span> <span class='ocrx_word' id='word_1_88' title='bbox 991 1852 1072 1897; x_wconf 92' lang='lat' dir='ltr'><strong>eum</strong></span> <span class='ocrx_word' id='word_1_89' title='bbox 1097 1842 1297 1897; x_wconf 81' lang='lat' dir='ltr'><strong>excreverat</strong></span> 
     </span>
     <span class='ocr_line' id='line_1_15' title="bbox 345 1927 1297 2016; baseline -0.002 -18"><span class='ocrx_word' id='word_1_90' title='bbox 345 1934 575 1999; x_wconf 91' lang='lat' dir='ltr'><strong>subditorum.</strong></span> <span class='ocrx_word' id='word_1_91' title='bbox 622 1934 756 1998; x_wconf 91' lang='lat' dir='ltr'><strong>Deinde</strong></span> <span class='ocrx_word' id='word_1_92' title='bbox 771 1952 833 2016; x_wconf 87' lang='lat' dir='ltr'><strong>per</strong></span> <span class='ocrx_word' id='word_1_93' title='bbox 848 1941 958 1998; x_wconf 91' lang='lat' dir='ltr'><strong>totam</strong></span> <span class='ocrx_word' id='word_1_94' title='bbox 974 1931 1147 2014; x_wconf 83' lang='lat' dir='ltr'><strong>Angliam</strong></span> <span class='ocrx_word' id='word_1_95' title='bbox 1160 1927 1297 1997; x_wconf 78' lang='grc' dir='ltr'><strong>1ιιοιιιιιιι</strong></span> 
     </span>
     <span class='ocr_line' id='line_1_16' title="bbox 346 2032 1300 2117; baseline -0.004 -20"><span class='ocrx_word' id='word_1_96' title='bbox 346 2034 421 2098; x_wconf 89' lang='lat' dir='ltr'><strong>fieri</strong></span> <span class='ocrx_word' id='word_1_97' title='bbox 454 2035 620 2117; x_wconf 86' lang='lat' dir='ltr'><strong>praecepit</strong></span> <span class='ocrx_word' id='word_1_98' title='bbox 653 2041 838 2109; x_wconf 83' lang='lat' dir='ltr'><strong>monetam,</strong></span> <span class='ocrx_word' id='word_1_99' title='bbox 869 2033 954 2114; x_wconf 90' lang='lat' dir='ltr'><strong>quia</strong></span> <span class='ocrx_word' id='word_1_100' title='bbox 977 2039 1081 2096; x_wconf 89' lang='lat' dir='ltr'><strong>vetus</strong></span> <span class='ocrx_word' id='word_1_101' title='bbox 1108 2032 1198 2097; x_wconf 84' lang='lat' dir='ltr'><strong>vitio</strong></span> <span class='ocrx_word' id='word_1_102' title='bbox 1229 2040 1300 2097; x_wconf 88' lang='lat' dir='ltr'><strong>ton·</strong></span> 
     </span>
     <span class='ocr_line' id='line_1_17' title="bbox 347 2132 1297 2215; baseline -0.002 -17"><span class='ocrx_word' id='word_1_103' title='bbox 347 2153 464 2199; x_wconf 89' lang='lat' dir='ltr'><strong>sorum</strong></span> <span class='ocrx_word' id='word_1_104' title='bbox 490 2132 577 2198; x_wconf 88' lang='lat' dir='ltr'><strong>adeo</strong></span> <span class='ocrx_word' id='word_1_105' title='bbox 601 2141 677 2207; x_wconf 85' lang='lat' dir='ltr'><strong>erat</strong></span> <span class='ocrx_word' id='word_1_106' title='bbox 699 2139 875 2215; x_wconf 88' lang='lat' dir='ltr'><strong>corrupta,</strong></span> <span class='ocrx_word' id='word_1_107' title='bbox 897 2138 938 2195; x_wconf 93' lang='lat' dir='ltr'><strong>ut</strong></span> <span class='ocrx_word' id='word_1_108' title='bbox 953 2132 1014 2194; x_wconf 83' lang='lat' dir='ltr'><strong>vix</strong></span> <span class='ocrx_word' id='word_1_109' title='bbox 1031 2149 1199 2195; x_wconf 89' lang='lat' dir='ltr'><strong>nummus</strong></span> <span class='ocrx_word' id='word_1_110' title='bbox 1220 2133 1297 2196; x_wconf 80' lang='lat' dir='ltr'><strong>obo</strong></span> 
     </span>
     <span class='ocr_line' id='line_1_18' title="bbox 347 2223 1298 2315; baseline -0.003 -19"><span class='ocrx_word' id='word_1_111' title='bbox 347 2233 418 2296; x_wconf 95' lang='lat' dir='ltr'><strong>lum</strong></span> <span class='ocrx_word' id='word_1_112' title='bbox 442 2233 652 2315; x_wconf 88' lang='lat' dir='ltr'><strong>appenderet</strong></span> <span class='ocrx_word' id='word_1_113' title='bbox 664 2233 700 2295; x_wconf 94' lang='lat' dir='ltr'><strong>in</strong></span> <span class='ocrx_word' id='word_1_114' title='bbox 714 2239 857 2297; x_wconf 89' lang='lat' dir='ltr'><strong>statera.</strong></span> <span class='ocrx_word' id='word_1_115' title='bbox 894 2223 1045 2294; x_wconf 77' lang='lat' dir='ltr'><strong>&#39;Eodem</strong></span> <span class='ocrx_word' id='word_1_116' title='bbox 1060 2250 1205 2315; x_wconf 90' lang='lat' dir='ltr'><strong>quoque</strong></span> <span class='ocrx_word' id='word_1_117' title='bbox 1220 2239 1298 2294; x_wconf 86' lang='lat' dir='ltr'><strong>tem-</strong></span> 
     </span>
     <span class='ocr_line' id='line_1_19' title="bbox 348 2329 1297 2414; baseline 0 -20"><span class='ocrx_word' id='word_1_118' title='bbox 348 2350 431 2413; x_wconf 89' lang='lat' dir='ltr'><strong>pore</strong></span> <span class='ocrx_word' id='word_1_119' title='bbox 445 2330 579 2395; x_wconf 85' lang='lat' dir='ltr'><strong>Allsius</strong></span> <span class='ocrx_word' id='word_1_120' title='bbox 595 2332 778 2414; x_wconf 88' lang='lat' dir='ltr'><strong>episcopus</strong></span> <span class='ocrx_word' id='word_1_121' title='bbox 799 2337 834 2394; x_wconf 87' lang='lat' dir='ltr'><strong>et</strong></span> <span class='ocrx_word' id='word_1_122' title='bbox 850 2348 966 2394; x_wconf 87' lang='lat' dir='ltr'><strong>comes</strong></span> <span class='ocrx_word' id='word_1_123' title='bbox 983 2329 1158 2394; x_wconf 86' lang='lat' dir='ltr'><strong>Eadulfus</strong></span> <span class='ocrx_word' id='word_1_124' title='bbox 1177 2329 1297 2394; x_wconf 88' lang='lat' dir='ltr'><strong>Kin&#39;re·</strong></span> 
     </span>
     <span class='ocr_line' id='line_1_20' title="bbox 347 2427 1297 2511; baseline 0 -19"><span class='ocrx_word' id='word_1_125' title='bbox 347 2429 441 2506; x_wconf 89' lang='lat' dir='ltr'><strong>dum,</strong></span> <span class='ocrx_word' id='word_1_126' title='bbox 458 2450 574 2511; x_wconf 87' lang='lat' dir='ltr'><strong>regem</strong></span> <span class='ocrx_word' id='word_1_127' title='bbox 596 2430 791 2505; x_wconf 92' lang='lat' dir='ltr'><strong>Scotorum,</strong></span> <span class='ocrx_word' id='word_1_128' title='bbox 805 2429 849 2492; x_wconf 91' lang='lat' dir='ltr'><strong>ad</strong></span> <span class='ocrx_word' id='word_1_129' title='bbox 870 2448 987 2511; x_wconf 82' lang='lat' dir='ltr'><strong>regem</strong></span> <span class='ocrx_word' id='word_1_130' title='bbox 1002 2427 1209 2511; x_wconf 74' lang='lat' dir='ltr'><strong>Eadgarum</strong></span> <span class='ocrx_word' id='word_1_131' title='bbox 1222 2449 1297 2494; x_wconf 88' lang='lat' dir='ltr'><strong>oon-</strong></span> 
     </span>
     <span class='ocr_line' id='line_1_21' title="bbox 347 2527 1298 2611; baseline 0.001 -21"><span class='ocrx_word' id='word_1_132' title='bbox 347 2527 547 2608; x_wconf 81' lang='lat' dir='ltr'><strong>duxerunt3</strong></span> <span class='ocrx_word' id='word_1_133' title='bbox 583 2548 686 2611; x_wconf 90' lang='lat' dir='ltr'><strong>quem</strong></span> <span class='ocrx_word' id='word_1_134' title='bbox 716 2548 795 2592; x_wconf 91' lang='lat' dir='ltr'><strong>cum</strong></span> <span class='ocrx_word' id='word_1_135' title='bbox 827 2528 1075 2610; x_wconf 83' lang='lat' dir='ltr'><strong>perduxissent</strong></span> <span class='ocrx_word' id='word_1_136' title='bbox 1102 2527 1149 2591; x_wconf 87' lang='lat' dir='ltr'><strong>ad</strong></span> <span class='ocrx_word' id='word_1_137' title='bbox 1178 2548 1298 2610; x_wconf 77' lang='lat' dir='ltr'><strong>regem,</strong></span> 
     </span>
     <span class='ocr_line' id='line_1_22' title="bbox 347 2625 1298 2710; baseline 0.002 -22"><span class='ocrx_word' id='word_1_138' title='bbox 347 2625 459 2690; x_wconf 87' lang='lat' dir='ltr'><strong>multa</strong></span> <span class='ocrx_word' id='word_1_139' title='bbox 487 2626 632 2691; x_wconf 88' lang='lat' dir='ltr'><strong>donaria</strong></span> <span class='ocrx_word' id='word_1_140' title='bbox 661 2649 683 2692; x_wconf 88' lang='lat' dir='ltr'><strong>a</strong></span> <span class='ocrx_word' id='word_1_141' title='bbox 710 2628 807 2709; x_wconf 83' lang='lat' dir='ltr'><strong>regia</strong></span> <span class='ocrx_word' id='word_1_142' title='bbox 834 2628 997 2709; x_wconf 77' lang='lat' dir='ltr'><strong>largitate</strong></span> <span class='ocrx_word' id='word_1_143' title='bbox 1019 2628 1191 2710; x_wconf 86' lang='lat' dir='ltr'><strong>suscepit,</strong></span> <span class='ocrx_word' id='word_1_144' title='bbox 1216 2630 1298 2692; x_wconf 81' lang='lat' dir='ltr'><strong>inter</strong></span> 
     </span>
     <span class='ocr_line' id='line_1_23' title="bbox 348 2725 1297 2809; baseline 0.001 -22"><span class='ocrx_word' id='word_1_145' title='bbox 348 2744 428 2808; x_wconf 87' lang='lat' dir='ltr'><strong>quae</strong></span> <span class='ocrx_word' id='word_1_146' title='bbox 452 2725 600 2789; x_wconf 91' lang='lat' dir='ltr'><strong>contulit</strong></span> <span class='ocrx_word' id='word_1_147' title='bbox 630 2727 662 2789; x_wconf 89' lang='lat' dir='ltr'><strong>ei</strong></span> <span class='ocrx_word' id='word_1_148' title='bbox 696 2735 835 2790; x_wconf 90' lang='lat' dir='ltr'><strong>centum</strong></span> <span class='ocrx_word' id='word_1_149' title='bbox 862 2727 982 2790; x_wconf 90' lang='lat' dir='ltr'><strong>uncias</strong></span> <span class='ocrx_word' id='word_1_150' title='bbox 1009 2727 1087 2790; x_wconf 89' lang='lat' dir='ltr'><strong>auri</strong></span> <span class='ocrx_word' id='word_1_151' title='bbox 1114 2727 1297 2809; x_wconf 90' lang='lat' dir='ltr'><strong>purissimi,</strong></span> 
     </span>
     <span class='ocr_line' id='line_1_24' title="bbox 348 2824 1296 2903; baseline 0.003 -16"><span class='ocrx_word' id='word_1_152' title='bbox 348 2844 426 2887; x_wconf 92' lang='lat' dir='ltr'><strong>cum</strong></span> <span class='ocrx_word' id='word_1_153' title='bbox 452 2824 570 2887; x_wconf 91' lang='lat' dir='ltr'><strong>multis</strong></span> <span class='ocrx_word' id='word_1_154' title='bbox 594 2826 713 2889; x_wconf 88' lang='lat' dir='ltr'><strong>sericis</strong></span> <span class='ocrx_word' id='word_1_155' title='bbox 737 2826 949 2890; x_wconf 90' lang='lat' dir='ltr'><strong>ornamentis</strong></span> <span class='ocrx_word' id='word_1_156' title='bbox 979 2832 1015 2889; x_wconf 91' lang='lat' dir='ltr'><strong>et</strong></span> <span class='ocrx_word' id='word_1_157' title='bbox 1042 2826 1200 2903; x_wconf 88' lang='lat' dir='ltr'><strong>annulis,</strong></span> <span class='ocrx_word' id='word_1_158' title='bbox 1226 2846 1296 2890; x_wconf 89' lang='lat' dir='ltr'><strong>cum</strong></span> 
     </span>
     <span class='ocr_line' id='line_1_25' title="bbox 349 2923 1296 3007; baseline 0.003 -21"><span class='ocrx_word' id='word_1_159' title='bbox 349 2923 522 3006; x_wconf 88' lang='lat' dir='ltr'><strong>lapidibus</strong></span> <span class='ocrx_word' id='word_1_160' title='bbox 553 2925 737 3006; x_wconf 87' lang='lat' dir='ltr'><strong>pretiosis;</strong></span> <span class='ocrx_word' id='word_1_161' title='bbox 770 2924 865 2988; x_wconf 92' lang='lat' dir='ltr'><strong>dedit</strong></span> <span class='ocrx_word' id='word_1_162' title='bbox 888 2932 1060 3007; x_wconf 86' lang='lat' dir='ltr'><strong>praeterea</strong></span> <span class='ocrx_word' id='word_1_163' title='bbox 1086 2925 1199 2989; x_wconf 90' lang='lat' dir='ltr'><strong>eidem</strong></span> <span class='ocrx_word' id='word_1_164' title='bbox 1230 2926 1296 3007; x_wconf 77' lang='lat' dir='ltr'><strong>regi</strong></span> 
     </span>
     <span class='ocr_line' id='line_1_26' title="bbox 349 3023 1300 3106; baseline 0.002 -20"><span class='ocrx_word' id='word_1_165' title='bbox 349 3031 476 3087; x_wconf 90' lang='lat' dir='ltr'><strong>terram</strong></span> <span class='ocrx_word' id='word_1_166' title='bbox 488 3030 610 3100; x_wconf 89' lang='lat' dir='ltr'><strong>totam,</strong></span> <span class='ocrx_word' id='word_1_167' title='bbox 624 3043 702 3105; x_wconf 89' lang='lat' dir='ltr'><strong>qnae</strong></span> <span class='ocrx_word' id='word_1_168' title='bbox 712 3029 722 3058; x_wconf 90' lang='lat'>‘</span> <span class='ocrx_word' id='word_1_169' title='bbox 732 3023 900 3088; x_wconf 90' lang='lat' dir='ltr'><strong>Laudian’</strong></span> <span class='ocrx_word' id='word_1_170' title='bbox 910 3024 1025 3106; x_wconf 90' lang='lat' dir='ltr'><strong>patria</strong></span> <span class='ocrx_word' id='word_1_171' title='bbox 1037 3023 1160 3106; x_wconf 78' lang='lat' dir='ltr'><strong>lingua</strong></span> <span class='ocrx_word' id='word_1_172' title='bbox 1177 3044 1300 3088; x_wconf 92' lang='lat' dir='ltr'><strong>nuncu·</strong></span> 
     </span>
     <span class='ocr_line' id='line_1_27' title="bbox 349 3122 1352 3205; baseline 0.004 -20"><span class='ocrx_word' id='word_1_173' title='bbox 349 3131 466 3205; x_wconf 91' lang='lat' dir='ltr'><strong>patur,</strong></span> <span class='ocrx_word' id='word_1_174' title='bbox 483 3122 548 3186; x_wconf 87' lang='lat' dir='ltr'><strong>hac</strong></span> <span class='ocrx_word' id='word_1_175' title='bbox 561 3123 771 3200; x_wconf 89' lang='lat' dir='ltr'><strong>conditione,</strong></span> <span class='ocrx_word' id='word_1_176' title='bbox 787 3131 826 3187; x_wconf 91' lang='lat' dir='ltr'><strong>ut</strong></span> <span class='ocrx_word' id='word_1_177' title='bbox 841 3124 941 3186; x_wconf 90' lang='lat' dir='ltr'><strong>annis</strong></span> <span class='ocrx_word' id='word_1_178' title='bbox 953 3123 1102 3204; x_wconf 78' lang='lat' dir='ltr'><strong>singulis</strong></span> <span class='ocrx_word' id='word_1_179' title='bbox 1120 3124 1156 3187; x_wconf 94' lang='lat' dir='ltr'><strong>in</strong></span> <span class='ocrx_word' id='word_1_180' title='bbox 1174 3124 1300 3189; x_wconf 82' lang='lat' dir='ltr'><strong>festivi·</strong></span> <span class='ocrx_word' id='word_1_181' title='bbox 1346 3182 1352 3197; x_wconf 82' lang='lat'>‚</span> 
     </span>
     <span class='ocr_line' id='line_1_28' title="bbox 350 3221 1299 3306; baseline 0.003 -21"><span class='ocrx_word' id='word_1_182' title='bbox 350 3223 481 3285; x_wconf 85' lang='lat' dir='ltr'><strong>tatibus</strong></span> <span class='ocrx_word' id='word_1_183' title='bbox 498 3222 694 3304; x_wconf 83' lang='lat' dir='ltr'><strong>praecipuis,</strong></span> <span class='ocrx_word' id='word_1_184' title='bbox 712 3221 851 3304; x_wconf 91' lang='lat' dir='ltr'><strong>quaudo</strong></span> <span class='ocrx_word' id='word_1_185' title='bbox 867 3242 929 3286; x_wconf 86' lang='lat' dir='ltr'><strong>rex</strong></span> <span class='ocrx_word' id='word_1_186' title='bbox 943 3231 978 3286; x_wconf 91' lang='lat' dir='ltr'><strong>et</strong></span> <span class='ocrx_word' id='word_1_187' title='bbox 991 3222 1069 3306; x_wconf 87' lang='lat' dir='ltr'><strong>ejus</strong></span> <span class='ocrx_word' id='word_1_188' title='bbox 1086 3243 1299 3288; x_wconf 80' lang='lat' dir='ltr'><strong>successores</strong></span> 
     </span>
     <span class='ocr_line' id='line_1_29' title="bbox 350 3320 1301 3404; baseline 0.004 -21"><span class='ocrx_word' id='word_1_189' title='bbox 350 3320 509 3384; x_wconf 88' lang='lat' dir='ltr'><strong>diadema</strong></span> <span class='ocrx_word' id='word_1_190' title='bbox 532 3329 724 3404; x_wconf 88' lang='lat' dir='ltr'><strong>portarent,</strong></span> <span class='ocrx_word' id='word_1_191' title='bbox 749 3321 904 3385; x_wconf 89' lang='lat' dir='ltr'><strong>venirent</strong></span> <span class='ocrx_word' id='word_1_192' title='bbox 927 3322 971 3384; x_wconf 89' lang='lat' dir='ltr'><strong>ad</strong></span> <span class='ocrx_word' id='word_1_193' title='bbox 994 3322 1141 3400; x_wconf 86' lang='lat' dir='ltr'><strong>curiam,</strong></span> <span class='ocrx_word' id='word_1_194' title='bbox 1165 3332 1202 3387; x_wconf 92' lang='lat' dir='ltr'><strong>et</strong></span> <span class='ocrx_word' id='word_1_195' title='bbox 1229 3343 1301 3386; x_wconf 91' lang='lat' dir='ltr'><strong>cum</strong></span> 
     </span>
     <span class='ocr_line' id='line_1_30' title="bbox 350 3420 1301 3503; baseline 0.004 -21"><span class='ocrx_word' id='word_1_196' title='bbox 350 3422 485 3483; x_wconf 84' lang='lat' dir='ltr'><strong>caeteris</strong></span> <span class='ocrx_word' id='word_1_197' title='bbox 499 3421 597 3501; x_wconf 85' lang='lat' dir='ltr'><strong>regni</strong></span> <span class='ocrx_word' id='word_1_198' title='bbox 611 3420 823 3503; x_wconf 90' lang='lat' dir='ltr'><strong>principibus</strong></span> <span class='ocrx_word' id='word_1_199' title='bbox 841 3420 966 3485; x_wconf 88' lang='lat' dir='ltr'><strong>sestum</strong></span> <span class='ocrx_word' id='word_1_200' title='bbox 984 3440 1063 3484; x_wconf 93' lang='lat' dir='ltr'><strong>cum</strong></span> <span class='ocrx_word' id='word_1_201' title='bbox 1079 3421 1207 3488; x_wconf 86' lang='lat' dir='ltr'><strong>laetitia</strong></span> <span class='ocrx_word' id='word_1_202' title='bbox 1217 3422 1301 3487; x_wconf 89' lang='lat' dir='ltr'><strong>cele-</strong></span> 
     </span>
     <span class='ocr_line' id='line_1_31' title="bbox 350 3520 1301 3602; baseline 0.004 -20"><span class='ocrx_word' id='word_1_203' title='bbox 350 3520 512 3597; x_wconf 83' lang='lat' dir='ltr'><strong>brarent3</strong></span> <span class='ocrx_word' id='word_1_204' title='bbox 544 3520 637 3583; x_wconf 90' lang='lat' dir='ltr'><strong>dedit</strong></span> <span class='ocrx_word' id='word_1_205' title='bbox 660 3521 801 3602; x_wconf 88' lang='lat' dir='ltr'><strong>insuper</strong></span> <span class='ocrx_word' id='word_1_206' title='bbox 824 3521 856 3583; x_wconf 91' lang='lat' dir='ltr'><strong>ei</strong></span> <span class='ocrx_word' id='word_1_207' title='bbox 883 3539 946 3584; x_wconf 83' lang='lat' dir='ltr'><strong>rex</strong></span> <span class='ocrx_word' id='word_1_208' title='bbox 970 3521 1170 3586; x_wconf 90' lang='lat' dir='ltr'><strong>mansiones</strong></span> <span class='ocrx_word' id='word_1_209' title='bbox 1190 3523 1227 3585; x_wconf 95' lang='lat' dir='ltr'><strong>in</strong></span> <span class='ocrx_word' id='word_1_210' title='bbox 1249 3522 1301 3586; x_wconf 89' lang='lat' dir='ltr'><strong>iti·</strong></span> 
     </span>
     <span class='ocr_line' id='line_1_32' title="bbox 351 3618 1303 3703; baseline 0.006 -23"><span class='ocrx_word' id='word_1_211' title='bbox 351 3637 431 3681; x_wconf 89' lang='lat' dir='ltr'><strong>nere</strong></span> <span class='ocrx_word' id='word_1_212' title='bbox 445 3618 623 3700; x_wconf 87' lang='lat' dir='ltr'><strong>plurimas,</strong></span> <span class='ocrx_word' id='word_1_213' title='bbox 639 3628 678 3683; x_wconf 91' lang='lat' dir='ltr'><strong>ut</strong></span> <span class='ocrx_word' id='word_1_214' title='bbox 691 3620 766 3701; x_wconf 89' lang='lat' dir='ltr'><strong>ipse</strong></span> <span class='ocrx_word' id='word_1_215' title='bbox 786 3627 822 3682; x_wconf 92' lang='lat' dir='ltr'><strong>et</strong></span> <span class='ocrx_word' id='word_1_216' title='bbox 838 3619 913 3703; x_wconf 89' lang='lat' dir='ltr'><strong>ejus</strong></span> <span class='ocrx_word' id='word_1_217' title='bbox 936 3638 1160 3685; x_wconf 86' lang='lat' dir='ltr'><strong>successores</strong></span> <span class='ocrx_word' id='word_1_218' title='bbox 1178 3622 1221 3685; x_wconf 87' lang='lat' dir='ltr'><strong>ad</strong></span> <span class='ocrx_word' id='word_1_219' title='bbox 1240 3622 1303 3685; x_wconf 85' lang='lat' dir='ltr'><strong>les·</strong></span> 
     </span>
     <span class='ocr_line' id='line_1_33' title="bbox 350 3718 1303 3804; baseline 0.004 -25"><span class='ocrx_word' id='word_1_220' title='bbox 350 3726 422 3779; x_wconf 90' lang='lat' dir='ltr'><strong>tum</strong></span> <span class='ocrx_word' id='word_1_221' title='bbox 452 3718 631 3781; x_wconf 88' lang='lat' dir='ltr'><strong>venientes</strong></span> <span class='ocrx_word' id='word_1_222' title='bbox 668 3738 709 3781; x_wconf 89' lang='lat' dir='ltr'><strong>ac</strong></span> <span class='ocrx_word' id='word_1_223' title='bbox 747 3718 860 3782; x_wconf 91' lang='lat' dir='ltr'><strong>denuo</strong></span> <span class='ocrx_word' id='word_1_224' title='bbox 890 3726 1106 3783; x_wconf 84' lang='lat' dir='ltr'><strong>revertentes</strong></span> <span class='ocrx_word' id='word_1_225' title='bbox 1138 3721 1303 3804; x_wconf 87' lang='lat' dir='ltr'><strong>hospitari</strong></span> 
     </span>
    </p>
   </div>
   <div class='ocr_carea' id='block_1_3' title="bbox 349 3961 1308 4309">
    <p class='ocr_par' dir='ltr' id='par_1_3' title="bbox 349 3961 1308 4309">
     <span class='ocr_line' id='line_1_34' title="bbox 384 3961 1305 4039; baseline 0.01 -29"><span class='ocrx_word' id='word_1_226' title='bbox 384 3961 500 4011; x_wconf 76' lang='grc' dir='ltr'><strong>ιΝιιιιιιιιι</strong></span> <span class='ocrx_word' id='word_1_227' title='bbox 514 3963 576 4028; x_wconf 76' lang='lat' dir='ltr'><strong>fieri</strong></span> <span class='ocrx_word' id='word_1_228' title='bbox 595 3966 712 4027; x_wconf 70' lang='lat' dir='ltr'><strong>precepit</strong></span> <span class='ocrx_word' id='word_1_229' title='bbox 735 3983 814 4015; x_wconf 74' lang='lat' dir='ltr'><strong>mone·</strong></span> <span class='ocrx_word' id='word_1_230' title='bbox 872 3965 1305 4039; x_wconf 68' lang='lat' dir='ltr'><strong>&#39;Eodemquoquetearpm.]1¹pon</strong></span> 
     </span>
     <span class='ocr_line' id='line_1_35' title="bbox 350 4034 1305 4099; baseline 0.006 -16"><span class='ocrx_word' id='word_1_231' title='bbox 350 4034 421 4097; x_wconf 65' lang='lat' dir='ltr'><strong>tum]</strong></span> <span class='ocrx_word' id='word_1_232' title='bbox 440 4034 547 4082; x_wconf 87' lang='lat' dir='ltr'><strong>Neither</strong></span> <span class='ocrx_word' id='word_1_233' title='bbox 562 4034 613 4083; x_wconf 89' lang='lat' dir='ltr'><strong>this</strong></span> <span class='ocrx_word' id='word_1_234' title='bbox 632 4049 688 4082; x_wconf 86' lang='lat' dir='ltr'><strong>new</strong></span> <span class='ocrx_word' id='word_1_235' title='bbox 708 4037 813 4099; x_wconf 78' lang='lat' dir='ltr'><strong>coinage</strong></span> <span class='ocrx_word' id='word_1_236' title='bbox 838 4038 881 4087; x_wconf 80' lang='lat' dir='ltr'><strong>the</strong></span> <span class='ocrx_word' id='word_1_237' title='bbox 892 4037 991 4086; x_wconf 80' lang='lat' dir='ltr'><strong>visitol&#39;</strong></span> <span class='ocrx_word' id='word_1_238' title='bbox 1006 4038 1125 4087; x_wconf 85' lang='lat' dir='ltr'><strong>Kenneth</strong></span> <span class='ocrx_word' id='word_1_239' title='bbox 1142 4040 1173 4089; x_wconf 76' lang='lat' dir='ltr'><strong>ol*</strong></span> <span class='ocrx_word' id='word_1_240' title='bbox 1188 4041 1305 4091; x_wconf 72' lang='lat' dir='ltr'><strong>scotland</strong></span> 
     </span>
     <span class='ocr_line' id='line_1_36' title="bbox 350 4104 1307 4169; baseline 0.005 -15"><span class='ocrx_word' id='word_1_241' title='bbox 350 4120 395 4154; x_wconf 91' lang='lat' dir='ltr'><strong>nor</strong></span> <span class='ocrx_word' id='word_1_242' title='bbox 405 4104 447 4152; x_wconf 79' lang='lat' dir='ltr'><strong>the</strong></span> <span class='ocrx_word' id='word_1_243' title='bbox 459 4106 613 4165; x_wconf 83' lang='lat' dir='ltr'><strong>subsequent</strong></span> <span class='ocrx_word' id='word_1_244' title='bbox 624 4110 696 4166; x_wconf 84' lang='lat' dir='ltr'><strong>grant</strong></span> <span class='ocrx_word' id='word_1_245' title='bbox 707 4111 732 4153; x_wconf 88' lang='lat' dir='ltr'><strong>to</strong></span> <span class='ocrx_word' id='word_1_246' title='bbox 745 4107 814 4155; x_wconf 85' lang='lat' dir='ltr'><strong>Ken·</strong></span> <span class='ocrx_word' id='word_1_247' title='bbox 840 4112 865 4156; x_wconf 90' lang='lat' dir='ltr'><strong>to</strong></span> <span class='ocrx_word' id='word_1_248' title='bbox 884 4107 998 4169; x_wconf 76' lang='lat' dir='ltr'><strong>Eadgar,</strong></span> <span class='ocrx_word' id='word_1_249' title='bbox 1017 4122 1137 4169; x_wconf 80' lang='lat' dir='ltr'><strong>compare</strong></span> <span class='ocrx_word' id='word_1_250' title='bbox 1154 4111 1224 4159; x_wconf 85' lang='lat' dir='ltr'><strong>John</strong></span> <span class='ocrx_word' id='word_1_251' title='bbox 1241 4111 1307 4158; x_wconf 74' lang='lat' dir='ltr'><strong>Wal-</strong></span> 
     </span>
     <span class='ocr_line' id='line_1_37' title="bbox 350 4173 1308 4243; baseline 0.006 -20"><span class='ocrx_word' id='word_1_252' title='bbox 350 4175 408 4223; x_wconf 85' lang='lat' dir='ltr'><strong>neth</strong></span> <span class='ocrx_word' id='word_1_253' title='bbox 427 4175 469 4223; x_wconf 86' lang='lat' dir='ltr'><strong>the</strong></span> <span class='ocrx_word' id='word_1_254' title='bbox 489 4173 566 4236; x_wconf 88' lang='lat' dir='ltr'><strong>third,</strong></span> <span class='ocrx_word' id='word_1_255' title='bbox 582 4173 611 4222; x_wconf 84' lang='lat' dir='ltr'><strong>ol</strong></span> <span class='ocrx_word' id='word_1_256' title='bbox 624 4174 754 4237; x_wconf 83' lang='lat' dir='ltr'><strong>scotland,</strong></span> <span class='ocrx_word' id='word_1_257' title='bbox 771 4191 814 4226; x_wconf 88' lang='lat' dir='ltr'><strong>are</strong></span> <span class='ocrx_word' id='word_1_258' title='bbox 840 4177 960 4239; x_wconf 72' lang='lat' dir='ltr'><strong>linglord,</strong></span> <span class='ocrx_word' id='word_1_259' title='bbox 984 4192 1010 4238; x_wconf 88' lang='lat' dir='ltr'><strong>p.</strong></span> <span class='ocrx_word' id='word_1_260' title='bbox 1034 4181 1093 4240; x_wconf 75' lang='lat'><strong>54⁵,</strong></span> <span class='ocrx_word' id='word_1_261' title='bbox 1116 4178 1181 4228; x_wconf 76' lang='lat' dir='ltr'><strong>with</strong></span> <span class='ocrx_word' id='word_1_262' title='bbox 1202 4180 1308 4243; x_wconf 77' lang='lat' dir='ltr'><strong>l&#39;ynell,</strong></span> 
     </span>
     <span class='ocr_line' id='line_1_38' title="bbox 349 4244 1180 4309; baseline 0.011 -17"><span class='ocrx_word' id='word_1_263' title='bbox 349 4245 449 4293; x_wconf 87' lang='lat' dir='ltr'><strong>noticed</strong></span> <span class='ocrx_word' id='word_1_264' title='bbox 460 4245 493 4306; x_wconf 86' lang='lat' dir='ltr'><strong>hy</strong></span> <span class='ocrx_word' id='word_1_265' title='bbox 505 4244 547 4294; x_wconf 82' lang='lat' dir='ltr'><strong>the</strong></span> <span class='ocrx_word' id='word_1_266' title='bbox 558 4245 649 4294; x_wconf 85' lang='lat' dir='ltr'><strong>earlier</strong></span> <span class='ocrx_word' id='word_1_267' title='bbox 659 4245 804 4296; x_wconf 83' lang='lat' dir='ltr'><strong>historiam.</strong></span> <span class='ocrx_word' id='word_1_268' title='bbox 843 4247 913 4297; x_wconf 85' lang='lat' dir='ltr'><strong>Hist.</strong></span> <span class='ocrx_word' id='word_1_269' title='bbox 925 4248 944 4298; x_wconf 89' lang='lat' dir='ltr'><strong>i.</strong></span> <span class='ocrx_word' id='word_1_270' title='bbox 955 4261 999 4309; x_wconf 88' lang='lat' dir='ltr'><strong>pp.</strong></span> <span class='ocrx_word' id='word_1_271' title='bbox 1011 4261 1057 4298; x_wconf 84' lang='lat' dir='ltr'><strong>xx.</strong></span> <span class='ocrx_word' id='word_1_272' title='bbox 1069 4249 1180 4303; x_wconf 75' lang='lat' dir='ltr'><strong>cmvi.</strong></span> 
     </span>
    </p>
   </div>
   <div class='ocr_carea' id='block_1_4' title="bbox 0 0 1484 4980">
    <p class='ocr_par' dir='ltr' id='par_1_4' title="bbox 0 0 1484 4980">
     <span class='ocr_line' id='line_1_39' title="bbox 0 0 1484 4980; baseline 0 0"><span class='ocrx_word' id='word_1_273' title='bbox 0 0 1484 4980; x_wconf 95' lang='lat' dir='ltr'><strong> </strong></span> 
     </span>
    </p>
   </div>
  </div>
 </body>
</html>
