3000 5004
464 408 602 456 enonas
626 408 895 459 ursrorunnuu.
1089 395 1153 458 137

203 559 468 629 ¹Ermenredum
493 575 528 630 et
550 565 803 631 Erkenbertum
834 568 931 649 regni
953 566 1153 649 temporalis

201 665 342 746 reliquit
368 665 535 743 haeredes,
558 666 617 728 sed
637 667 754 750 jtmior
769 666 1004 730 Erkenbertus
1028 665 1152 730 callide

202 784 347 845 regnum
372 765 472 828 fratri
505 767 705 848 surripiens,
728 766 826 829 illum
851 786 957 848 regno
979 766 1151 848 privavit;

203 864 261 946 qui
285 873 448 947 suscepto
471 885 578 946 regno
597 865 721 946 viginti
744 874 893 947 quatuor
909 866 1009 929 annis
1031 872 1067 928 et
1088 865 1152 929 ali-
1165 887 1314 928 manarat.

203 972 289 1044 quot
303 965 478 1027 mensibus
500 964 720 1028 laudabiliter
740 965 891 1047 praefuit,
916 984 996 1027 nam
1021 966 1152 1047 primus

204 1082 323 1144 regum
347 1063 486 1144 Angliee
508 1065 544 1126 in
569 1073 644 1128 toto
671 1083 778 1145 reguo
801 1083 865 1127 suo
897 1065 991 1128 idola
1020 1064 1152 1127 destrui

204 1163 306 1225 simul
329 1171 365 1226 et
377 1163 549 1247 jejunium
566 1163 800 1245 quadraginta
820 1164 952 1226 dierum
974 1163 1152 1227 observari

204 1263 382 1344 praecepit,
401 1281 479 1345 quae
504 1281 548 1325 ue
572 1262 673 1325 facile
696 1282 718 1325 a
732 1263 894 1345 quopiam
910 1270 1052 1344 possent
1069 1282 1151 1325 con·

207 1363 324 1438 temni,
357 1362 393 1425 in
428 1370 716 1443 transgressores,
733 1362 924 1443 condignas
955 1362 1153 1444 punitiones

205 1461 279 1524 fieri
290 1462 408 1545 jussit.
447 1460 584 1524 Habuit
595 1470 712 1525 autem
723 1463 890 1543 reginam,
904 1454 1154 1525 nomine²Sex-

206 1561 365 1642 burgam,
409 1560 522 1623 Annae
566 1562 658 1642 regis
703 1561 922 1625 orientalium
961 1560 1154 1642 Auglorum
1245 1565 1251 1575 ’

206 1659 325 1738 filiam,
348 1679 393 1722 ex
410 1679 479 1742 qua
503 1659 693 1741 Egbertum
719 1661 886 1724 filium=et
903 1653 1154 1741 ³Erkengotam

206 1758 311 1822 filiam
338 1760 529 1841 generavit.
576 1759 731 1843 Natique
764 1768 845 1824 sunt
873 1761 978 1823 etiam
1011 1760 1153 1822 Ermen-

207 1858 301 1936 redo‚
332 1878 497 1940 processu
533 1861 710 1942 temporis,
745 1859 808 1924 filii
836 1853 1082 1923 4Athelbertus
1119 1866 1154 1922 et

207 1957 428 2036 Athelredus‚
441 1959 484 2021 de
500 1958 624 2040 quihus
647 1978 711 2023 suo
731 1960 807 2022 loco
824 1959 967 2023 dicetur.
1020 1958 1153 2022 Erken·
1167 1975 1292 2027 moneor..

207 2067 291 2138 gota
327 2077 410 2121 vero
446 2065 636 2121 memorata
673 2059 709 2121 in
750 2059 909 2140 Brigensi
945 2059 1156 2122 monasterio

200 2157 420 2221 -Francomm
443 2154 598 2221 habitum
614 2157 791 2240 religionis
806 2159 998 2239 suscipiens
1021 2177 1063 2222 ac
1078 2158 1155 2221 Deo

207 2257 333 2320 ibidem
357 2257 523 2333 serviens,
546 2276 749 2339 magnamm
765 2258 831 2321 fuit
848 2258 947 2339 virgo
963 2259 1131 2322 virtutum
1146 2278 1155 2336 3

209 2375 289 2419 nam
313 2376 355 2420 eo
381 2364 547 2439 tempore,
562 2357 706 2420 necdum
727 2358 846 2421 multis
869 2357 904 2421 in
926 2357 1066 2440 regione
1081 2355 1156 2421 An-

207 2456 343 2537 glorum
371 2455 588 2520 monasteriis
614 2458 835 2534 constructis,
869 2458 970 2521 multi
1003 2459 1046 2520 de
1078 2457 1156 2520 Bri·

209 2557 342 2633 tannia,
369 2557 569 2619 monasticae
592 2558 865 2620 conversationis
892 2558 1019 2639 gratia,
1045 2557 1157 2620 Galli·

208 2674 306 2719 arum
328 2655 539 2719 monasteria
566 2655 660 2720 adire
677 2657 847 2721 solebant.
900 2656 1019 2741 Hujus
1042 2666 1158 2721 autem

208 2755 352 2836 virginis
370 2755 447 2818 Deo
462 2756 586 2818 dicatae
603 2756 713 2820 multa
729 2757 880 2838 quidem,
894 2758 938 2820 ab
952 2757 1075 2821 incolis
1091 2757 1158 2820 loci

208 2854 313 2932 illius,
327 2855 441 2918 solent
453 2874 559 2937 opera
574 2856 740 2919 virtutum
755 2863 790 2919 et
803 2857 905 2936 signa
915 2856 1157 2919 miraculorum

209 2954 348 3033 reserri;
375 2973 494 3018 verum
524 2955 622 3017 nobis
647 2954 690 3017 de
713 2957 862 3020 transitu
888 2955 981 3021 illius
1008 2962 1157 3031 tantum,

209 3073 278 3135 quo
298 3053 451 3117 caelestia
466 3073 574 3134 regua
597 3055 710 3136 petiit,
727 3054 857 3136 aliquid
872 3055 1023 3117 breviter
1044 3053 1157 3117 dicere

209 3151 368 3216 sufficiat.
416 3152 623 3216 Imminente
656 3173 739 3234 ergo
769 3173 842 3216 suae
874 3154 1067 3217 vocationis
1103 3152 1157 3215 die

209 3252 298 3316 vidit
313 3260 488 3317 catervam
513 3252 689 3315 hominum
707 3252 899 3320 albatorum
914 3272 1014 3314 suum
1029 3253 1158 3315 intrare

211 3353 468 3428 monasterium,
496 3350 626 3434 hosque
654 3352 887 3433 interrogatos
917 3351 999 3432 quid
1025 3371 1158 3433 quaere-

247 3556 253 3586 ¹
274 3560 451 3609 Ermeureduru
479 3563 503 3607 ct
533 3559 671 3608 Erkanher·
731 3555 949 3622 ³Erlcengotam.]
975 3558 1026 3608 She
1043 3573 1098 3607 was
1115 3560 1159 3608 ah·

211 3624 511 3696 tum.]Earmenredwas
520 3628 675 3678 theissueol
697 3630 754 3679 beas
779 3628 808 3676 ol
827 3629 1013 3678 l'aremoustier
1034 3645 1065 3677 eu
1089 3629 1158 3679 Bria.

211 3699 350 3748 Eadbald's
360 3701 414 3747 first
425 3700 549 3760 marriage
563 3698 623 3746 with
632 3698 672 3747 his
696 3700 744 3747 See
756 3698 837 3757 Beda,
848 3699 862 3761 t
874 3703 937 3759 tr³;
954 3701 1013 3749 Act.
1025 3700 1070 3748 SS.
1082 3699 1159 3750 Febr.

209 3769 414 3818 mother-in-law.
436 3768 511 3817 Alter
521 3768 561 3816 his
572 3768 672 3817 divorce
696 3769 733 3817 iii.
745 3784 770 3828 p.
784 3771 841 3817 887.

209 3839 271 3888 t‘rom
279 3839 324 3887 her
332 3838 449 3886 Eadbald
457 3837 566 3887 married
574 3838 672 3897 Emma‚
731 3836 915 3886 ‘Athelbertur
942 3841 967 3885 et
988 3837 1157 3902 Athclredua]

210 3909 337 3969 daughter
358 3908 387 3956 oi
405 3908 549 3956 Theodbert
568 3906 631 3968 ling
648 3906 676 3954 oi
695 3906 765 3967 'lhcy
778 3922 845 3956 were
861 3912 908 3968 put
919 3911 944 3955 to
956 3907 1032 3956 death
1045 3910 1078 3969 by
1092 3909 1159 3970 Ecg-

210 3979 324 4038 dustria,
343 3980 376 4038 by
388 3978 470 4027 whom
489 3977 520 4026 he
540 3976 591 4025 had
611 3977 673 4025 Ear·
697 3976 777 4024 herht.
812 3977 889 4026 Their
909 3977 1061 4038 martyrdom
1082 3980 1104 4025 is
1121 3993 1158 4027 re·

209 4047 337 4097 couberht.
697 4046 789 4094 corded
814 4047 846 4106 by
865 4048 974 4095 Simeon.
996 4047 1116 4094 Dunelm.
1133 4055 1160 4096 at

245 4114 449 4178 'Sexburgum.]
475 4117 522 4165 See
545 4116 604 4164 Act.
627 4116 673 4164 SS.
697 4115 739 4163 the
751 4115 1160 4177 cornmcucemoutolhishistory;

210 4187 266 4237 Jul.
277 4193 337 4235 tom.
349 4188 375 4235 ii.
388 4203 414 4247 p.
425 4190 481 4235 846.
683 4158 687 4249 ι
698 4186 751 4234 also
764 4187 789 4233 iu
801 4186 944 4247 Capgrave,
955 4184 998 4235 t'ol.
1011 4186 1081 4236 cxlii.
1093 4187 1118 4235 b.
