3000 5004
404 418 544 468 neonus
569 407 1099 473 nrsronmruu.195

143 574 343 640 laetabunda
363 578 548 660 spirituum
575 579 768 661 bonorum3
799 599 879 644 nam
911 600 989 663 ego,
1016 593 1214 645 cumvutonor

143 675 188 737 ad
211 683 348 759 tempus
372 679 590 742 recessissem
606 698 628 742 a
644 687 693 757 te,
708 679 753 743 ad
778 679 844 744 huc
860 681 939 757 leci,
954 687 994 744 ut
1010 681 1094 763 quid
1106 646 1246 688 mmm

143 773 186 836 de
203 783 236 838 te
252 775 327 840 fieri
342 776 494 855 deberet,
512 779 759 860 agnoscerem’
811 779 901 844 Haec
918 780 1002 844 mihi
1016 800 1095 844 cum

144 874 304 952 dixisset,
329 876 475 940 multum
503 878 697 943 detestatus
723 897 799 943 sum
824 880 867 943 ad
893 898 1019 961 corpus
1042 898 1099 943 re·

144 975 244 1051 verti,
272 973 464 1039 delectatus
492 977 666 1042 suavitate
691 997 733 1041 ac
755 980 878 1043 decore
901 980 969 1043 loci
991 997 1094 1062 quem

141 1071 309 1151 videram,
326 1075 429 1139 simul
451 1081 486 1138 et
511 1077 684 1140 consortio
709 1097 827 1141 eorum
850 1097 937 1160 quos
959 1079 1094 1159 aspexi,

142 1172 203 1234 sed
232 1173 323 1238 inter
351 1174 438 1252 haec,
462 1195 532 1257 quo
563 1176 682 1240 ordine
714 1177 842 1253 nescio,
870 1184 1010 1259 repente
1039 1197 1094 1240 me

142 1271 233 1335 inter
246 1271 401 1337 homines
418 1273 536 1338 vivere
551 1275 679 1339 cerno.’
724 1270 900 1358 ¹Denique
915 1277 951 1339 in
966 1276 1094 1339 vicinia

142 1369 239 1434 cellae
263 1371 369 1449 illius,
396 1379 436 1437 ut
461 1373 664 1456 praedictum
690 1382 755 1451 est,
779 1377 814 1439 in
839 1375 979 1439 flumine
1000 1375 1093 1456 quod

141 1470 400 1552 praeterfluebat
420 1474 555 1537 solebat
577 1475 709 1551 crebro,
731 1476 776 1538 ob
798 1493 962 1557 magnum
987 1475 1092 1537 casti·

143 1569 250 1650 gandi
263 1571 417 1654 corporis
432 1571 605 1650 affectum,
622 1572 769 1656 ingredi,
785 1594 826 1638 ac
843 1575 972 1656 saepius
991 1573 1028 1636 in
1051 1592 1093 1637 eo

142 1671 375 1735 crescentibus
385 1671 489 1735 undis
504 1673 673 1755 immergi,
688 1674 807 1755 sicque
823 1672 961 1750 ibidem,
970 1691 1093 1756 quarn·

143 1767 203 1831 diu
230 1771 402 1835 sustinere
427 1773 555 1855 potuit,
579 1772 721 1855 psalmis
743 1773 972 1855 precibusque
990 1772 1093 1835 insis-

144 1874 218 1931 tere
233 1876 269 1934 et
285 1869 377 1934 fixus
395 1871 442 1934 ibi
459 1891 611 1948 manere,
627 1872 858 1936 adscendente
876 1891 968 1955 aqua
984 1891 1095 1954 usque

143 1966 189 2030 ud
218 1968 354 2034 lumbos
383 1978 419 2034 et
441 1970 648 2053 quandoque
680 1991 791 2054 usque
819 1971 864 2035 ad
895 1971 1034 2046 collum,
1059 1982 1095 2035 et

143 2065 223 2131 inde
238 2086 399 2150 egressus
415 2071 624 2134 vestimenta
648 2089 713 2134 sua
730 2089 907 2153 nunqnam
921 2069 1095 2152 deponere

143 2169 300 2247 curabat,
322 2168 433 2233 donec
463 2169 634 2234 calefacta
659 2169 702 2232 de
725 2189 789 2234 suo
815 2189 958 2253 corpore
986 2168 1093 2232 sicca-

143 2274 274 2331 rentur.
302 2267 474 2350 Tempore
483 2288 566 2333 vero
583 2269 744 2352 hyemali,
755 2268 986 2333 defluentibus
1000 2267 1094 2332 circa

144 2384 221 2429 eum
252 2367 440 2449 glacierum
473 2369 610 2445 crustis,
638 2368 803 2432 dixerunt
830 2369 890 2451 qui
916 2367 1094 2444 videbant,

143 2464 310 2543 ‘Mirum
327 2466 435 2531 frater
454 2467 659 2545 Drithelme,
681 2469 773 2551 quod
800 2475 934 2532 tantam
955 2467 1096 2548 frigoris

143 2565 367 2647 asperitatem
384 2568 533 2631 tolerare
549 2573 649 2649 potes
661 2567 682 2647 3³
697 2567 927 2650 respondebat
937 2566 997 2630 ille
1011 2567 1095 2630 sim·

144 2663 292 2747 pliciter,
315 2665 533 2748 ‘Frigidiora
555 2687 620 2748 ego
638 2666 734 2732 vidi:
770 2667 911 2731 Etcum
929 2666 1095 2743 dicerent,

143 2763 297 2827 ‘Mirum
314 2765 407 2848 quod
423 2772 494 2829 tarn
511 2772 686 2829 austerum
707 2774 824 2831 tenere
846 2767 1095 2831 continentiam

144 2861 254 2941 velis,'
279 2864 523 2946 respondebat,
551 2863 779 2929 ‘Austeriora
803 2885 868 2947 ego
892 2863 987 2929 vidi?
1037 2865 1096 2928 Sic

144 2981 254 3045 usque
271 2962 317 3026 ad
334 2962 424 3027 diem
441 2963 635 3028 vocationis
650 2985 736 3042 suae,
752 2963 962 3046 infatigabili
978 2964 1096 3027 coeles-

144 3062 231 3125 tium
254 3063 422 3127 bonorum
439 3062 621 3140 desiderio,
637 3083 762 3147 corpus
783 3063 891 3127 senile
905 3063 996 3126 inter
1011 3081 1099 3144 quo-

145 3160 321 3225 tidiana
305 3161 443 3246 jejunia
474 3162 649 3241 domabat,
681 3163 868 3244 multisque
899 3162 1005 3226 saluti
1031 3160 1098 3267 luit

147 3266 218 3325 mm
232 3280 339 3399 opere
354 3281 458 3344 qnam
472 3262 645 3344 exemplo.

390 3434 573 3500 Britlricus
583 3455 675 3499 cornu
682 3432 864 3518 mamitus.

195 3554 300 3623 Anno
317 3557 440 3640 gratiae
457 3574 537 3623 nce.
548 3551 775 3634 'Brithricus
791 3575 905 3620 comes
919 3554 1098 3621 Northan-
1083 3572 1156 3662 1³»
1131 3571 1165 3611 o
1156 3569 1220 3661 thup

146 3655 381 3736 humbrorum,
396 3657 517 3723 volens
530 3656 707 3722 vindicare
726 3654 903 3720 dominum
924 3675 1025 3720 suum
1047 3675 1100 3719 re·
1085 3671 1227 3713 -neonee

182 3860 320 3928 wesen
341 3865 368 3914 ia
390 3864 481 3915 υἰοίπία
508 3859 609 3934 celloe.]
637 3864 781 3928 hisvision,
795 3863 977 3913 andwhohad
991 3878 1102 3914 commu·

147 3933 290 3985 wendover
323 3935 399 3984 omits
438 3935 481 3984 the
522 3949 611 3984 source
637 3931 973 3998 nicatedittohim,§ass.

147 4003 251 4054 whence
271 4003 345 4054 Beda
361 4018 422 4067 says
439 4005 495 4054 that
510 4005 542 4054 he
560 4004 612 4054 had
672 4001 860 4067 'Brithricus,]
879 4017 908 4052 or
927 4003 1014 4052 Berta.
1048 4001 1103 4051 'l'he

148 4073 252 4124 derived
265 4073 307 4123 his
323 4074 492 4137 information,
502 4074 612 4137 hemely,
638 4074 699 4124 Sax.
711 4073 806 4124 Chron.
824 4073 912 4135 places
928 4072 968 4121 his
984 4071 1060 4121 death
1076 4071 1103 4120 in

148 4144 251 4194 arsenii
262 4145 297 4205 by
307 4158 382 4194 name
399 4145 544 4208 Haemgila,
554 4144 613 4193 who
638 4143 681 4192 the
698 4145 817 4206 previous
836 4156 906 4204 year.
948 4142 996 4191 See
1016 4141 1106 4202 abore,

148 4213 199 4264 hed
223 4213 302 4265 heard
326 4214 486 4265 Drichthelm
509 4220 614 4265 rement
640 4213 795 4263 adundlttl.
983 4284 999 4328 ᾖ

950 4294 966 4328 ο
