3000 5004
411 485 552 534 amans
575 486 844 536 llISToRlARUll.
1033 473 1101 537 507

145 639 341 706 incredulos
359 641 396 705 in
413 642 481 706 fide
502 643 725 707 confirmare:
744 641 852 726 jussit
868 642 984 725 ignem
1003 644 1098 725 copi-

147 759 244 802 osum
266 742 304 803 in
328 741 445 806 medio·
463 742 554 805 aulae
577 741 733 820 accendi,
754 749 803 820 et,
828 742 908 825 pilis
930 741 1100 806 fiduciali·

147 846 201 902 ter
216 839 366 923 injectis,
384 841 452 924 ipsi
466 841 644 905 laesionem
660 861 730 906 non
745 842 934 906 sentientes
952 841 1101 905 incendii

147 937 393 1004 debacchantis
410 941 447 1003 in
468 940 634 1024 majorem
649 947 732 1004 sunt
751 939 1003 1006 formositatem
1017 959 1100 1004 con·

148 1037 250 1100 versi.
302 1038 403 1102 Tunc
418 1040 607 1115 comitissa,
623 1040 672 1103 rei
695 1039 967 1121 magnitudinem
990 1039 1100 1103 admi-

148 1154 242 1212 rans,
258 1137 403 1219 capillos
419 1139 532 1202 sancti
548 1139 711 1221 martyris
733 1139 778 1201 ab
801 1138 960 1202 incendio
981 1138 1100 1202 subla-

149 1241 204 1298 tos
227 1234 355 1301 honore
378 1222 562 1319 condigno,
579 1238 742 1320 episcopo
763 1237 927 1314 dictante,
947 1236 1101 1301 recondi·

148 1332 211 1410 dit,
234 1342 270 1399 et
288 1336 490 1418 simplicem,
508 1356 588 1418 quae
610 1337 655 1400 ad
674 1336 739 1401 hoc
761 1336 997 1420 spectaculum
1016 1356 1101 1400 con·

147 1442 303 1512 venerat,
338 1437 477 1499 turbam
514 1437 550 1499 in
584 1435 768 1500 devotione
806 1435 900 1500 beati
936 1437 1100 1518 martyris

148 1532 386 1599 confirmatam
402 1536 497 1598 abire
515 1536 682 1618 permisit.

241 1705 392 1785 Qnaodo
414 1705 584 1771 Wolleascs
596 1705 744 1792 quosdam
758 1705 838 1792 repis
854 1704 1012 1771 minoem

521 1814 727 1892 perculerant.

198 1927 329 1993 Eodem
352 1949 443 1994 anno
465 1931 538 1994 dux
562 1930 752 2007 HaroIdus,
775 1929 928 1994 interra
943 1928 1099 1994 Wallen·
1113 1941 1212 2032 ἓξὲξ

149 2027 237 2091 sium
252 2049 417 2111 magnum
434 2023 635 2093 ¹eedificium
651 2035 868 2105 construens,
885 2028 1008 2104 multa,
1021 2047 1101 2110 quae
1114 2041 1191 2082 wou-
1282 2069 1287 2078 ·

148 2127 193 2189 ad
222 2146 319 2190 esum
350 2129 536 2210 pertinent,
561 2128 627 2191 hoc
654 2129 769 2192 animo
798 2127 924 2190 ibidem
951 2128 1100 2208 paravit,

148 2232 189 2288 ut
205 2245 268 2288 rex
286 2227 500 2291 Eadwardus
523 2234 678 2308 tempore
700 2226 895 2289 venationis
919 2233 1038 2308 posset
1058 2226 1100 2290 il-

148 2323 206 2386 luc
232 2325 383 2388 animum
407 2325 608 2408 aliquandiu
633 2324 818 2404 delectari3
845 2324 906 2387 sed
930 2323 1100 2403 Craddoc,

150 2420 288 2486 Griffini
313 2424 418 2502 filius,
438 2443 540 2508 quem
564 2444 657 2489 anno
676 2424 853 2507 praeterito
877 2422 1100 2488 exsulaverat

149 2520 329 2587 Haroldus
338 2517 387 2598 ²ip
401 2523 490 2589 festo
500 2525 614 2589 sancti
624 2522 883 2600 Bai-tholomaei,
894 2522 977 2586 illuc
991 2523 1100 2586 hosti·

147 2621 227 2685 liter
242 2624 401 2700 accessit,
416 2631 452 2686 et
468 2624 646 2706 operarios
662 2623 734 2688 fere
756 2630 900 2687 cunctos
923 2628 958 2686 et
980 2642 1098 2687 eorum

147 2721 334 2801 magistros
347 2722 533 2801 interfecit,
551 2723 710 2788 auferens
723 2722 839 2788 omnia
849 2741 928 2805 quae
943 2722 988 2786 ad
1001 2742 1097 2786 esum

148 2819 283 2885 fuerant
300 2830 526 2903 congregata.

261 2992 311 3056 De
325 2992 465 3078 madio
473 2992 618 3074 filioram
636 2992 783 3058 Godwa‘ai
792 2991 975 3077 proditoria

190 3109 365 3197 Contigit³
379 3122 496 3179 autem
511 3115 631 3178 eodem
646 3133 750 3191 anno,
763 3114 996 3196 inpraesentia
1007 3115 1098 3197 regis
1111 3127 1244 3219 gram·

147 3214 342 3292 Eadwardi‚
351 3215 444 3297 apud
453 3213 775 3296 Wyndeleshoram,
783 3213 876 3295 quod
885 3213 1029 3277 Tostius
1040 3232 1098 3278 co·
1230 3205 1235 3217 ’

145 3333 217 3377 mes
245 3313 643 3390 Northanhumhrorum,
658 3312 790 3375 invidia
811 3312 949 3389 ductus,
966 3311 1096 3378 Harol·

144 3413 227 3476 dum
251 3412 393 3477 fratrem
417 3432 531 3489 suum,
551 3413 633 3476 vina
659 3411 733 3491 regi
756 3412 1010 3494 propinantem,
1035 3432 1098 3494 per

145 3512 290 3595 capillos
313 3519 501 3594 arreptum,
517 3509 651 3576 cunctis
667 3511 710 3574 de
728 3510 859 3575 familia
876 3511 968 3592 regis
988 3511 1097 3576 admi-

143 3612 313 3689 rantibus,
328 3612 430 3675 nimis
453 3631 532 3675 eum
553 3610 736 3675 inhoneste
752 3616 941 3690 tractaret3
965 3619 1002 3675 at
1020 3611 1098 3675 Ha·

179 3822 336 3892 ¹AEoiflcim
344 3829 505 3893 comtum]
517 3830 525 3858 ‘
535 3831 561 3878 in
569 3829 607 3878 lo·
633 3834 692 3890 post
703 3828 769 3878 Bed.
781 3843 808 3890 p.
821 3832 878 3878 sat.
901 3828 1026 3890 Compare
1036 3831 1098 3883 Sax.

143 3897 394 3958 co‚quiPortaacith
406 3895 516 3961 dicitur,'
528 3900 596 3949 Flor.
634 3899 728 3950 Chron.
748 3900 798 3949 and
818 3899 885 3949 Flor.
906 3898 940 3947 ad
961 3914 1004 3950 an.
1023 3905 1098 3951 1⁰64.

179 3963 304 4025 ’Infesta
314 3968 394 4016 macti
402 3968 607 4034 Bartholomoei,·]
634 3969 804 4030 Huntingdon
817 3983 878 4030 says
890 3968 945 4017 that
962 3968 1012 4019 this
1024 3985 1099 4031 qnar-

143 4034 187 4084 the
199 4035 259 4085 alth
270 4036 300 4085 oi
307 4037 420 4100 August.
633 4040 670 4088 ral
687 4039 745 4088 took
759 4039 832 4101 placa
849 4040 875 4086 in
891 4039 934 4088 the
952 4043 1099 4100 twenty-se·

178 4103 315 4169 3ίῖοιιέίςίέ
330 4112 410 4157 autem
426 4109 506 4157 eodem
522 4103 605 4176 anna]
632 4108 698 4157 cond
719 4123 781 4169 year
799 4107 828 4156 os
849 4107 999 4157 Eadward's
1017 4110 1099 4171 reign,

142 4175 196 4225 The
215 4181 322 4225 account
338 4178 470 4240 following
488 4179 511 4227 is
529 4179 606 4227 taken
632 4177 715 4225 which
731 4178 785 4226 will
801 4192 877 4239 agree
889 4176 952 4225 with
969 4177 1011 4227 the
1026 4179 1098 4228 other

140 4245 202 4294 from
215 4246 304 4308 lleury
316 4247 494 4312 lluntingdon,
502 4248 605 4309 Scriptt.
632 4247 782 4297 authorities
793 4247 869 4297 cited.
