<?xml version="1.0" encoding="UTF-8"?>
<!DOCTYPE html PUBLIC "-//W3C//DTD XHTML 1.0 Transitional//EN"
    "http://www.w3.org/TR/xhtml1/DTD/xhtml1-transitional.dtd">
<html xmlns="http://www.w3.org/1999/xhtml" xml:lang="en" lang="en">
 <head>
  <title>
</title>
<meta http-equiv="Content-Type" content="text/html;charset=utf-8" />
  <meta name='ocr-system' content='tesseract 3.04.00' />
  <meta name='ocr-capabilities' content='ocr_page ocr_carea ocr_par ocr_line ocrx_word'/>
</head>
<body>
  <div class='ocr_page' id='page_1' title='image "./rogeridewendove05rogegoog_0343.png"; bbox 0 0 3000 5004; ppageno 0'>
   <div class='ocr_carea' id='block_1_1' title="bbox 349 424 1048 489">
    <p class='ocr_par' dir='ltr' id='par_1_1' title="bbox 349 424 1048 489">
     <span class='ocr_line' id='line_1_1' title="bbox 349 424 1048 489; baseline -0.003 0"><span class='ocrx_word' id='word_1_1' title='bbox 349 424 415 489; x_wconf 80' lang='lat'><strong>298</strong></span> <span class='ocrx_word' id='word_1_2' title='bbox 611 438 745 487; x_wconf 82' lang='lat' dir='ltr'><strong>noonnr</strong></span> <span class='ocrx_word' id='word_1_3' title='bbox 770 439 817 485; x_wconf 84' lang='lat' dir='ltr'><strong>nu</strong></span> <span class='ocrx_word' id='word_1_4' title='bbox 840 438 1048 487; x_wconf 83' lang='lat' dir='ltr'><strong>wnunovna</strong></span> 
     </span>
    </p>
   </div>
   <div class='ocr_carea' id='block_1_2' title="bbox 350 593 1304 977">
    <p class='ocr_par' dir='ltr' id='par_1_2' title="bbox 350 593 1304 977">
     <span class='ocr_line' id='line_1_2' title="bbox 350 593 1304 681; baseline -0.001 -19"><span class='ocrx_word' id='word_1_5' title='bbox 350 616 434 681; x_wconf 87' lang='lat' dir='ltr'><strong>pore</strong></span> <span class='ocrx_word' id='word_1_6' title='bbox 464 615 592 678; x_wconf 84' lang='lat' dir='ltr'><strong>magna</strong></span> <span class='ocrx_word' id='word_1_7' title='bbox 619 597 800 661; x_wconf 88' lang='lat' dir='ltr'><strong>Danornm</strong></span> <span class='ocrx_word' id='word_1_8' title='bbox 831 596 953 660; x_wconf 87' lang='lat' dir='ltr'><strong>classis</strong></span> <span class='ocrx_word' id='word_1_9' title='bbox 985 596 1022 659; x_wconf 94' lang='lat' dir='ltr'><strong>in</strong></span> <span class='ocrx_word' id='word_1_10' title='bbox 1049 593 1216 677; x_wconf 79' lang='lat' dir='ltr'><strong>Angliam</strong></span> <span class='ocrx_word' id='word_1_11' title='bbox 1246 617 1304 661; x_wconf 88' lang='lat' dir='ltr'><strong>ve-</strong></span> 
     </span>
     <span class='ocr_line' id='line_1_3' title="bbox 352 694 1303 778; baseline -0.001 -18"><span class='ocrx_word' id='word_1_12' title='bbox 352 697 462 772; x_wconf 90' lang='lat' dir='ltr'><strong>niens,</strong></span> <span class='ocrx_word' id='word_1_13' title='bbox 487 697 524 759; x_wconf 93' lang='lat' dir='ltr'><strong>in</strong></span> <span class='ocrx_word' id='word_1_14' title='bbox 546 697 687 777; x_wconf 83' lang='lat' dir='ltr'>regione</span> <span class='ocrx_word' id='word_1_15' title='bbox 704 695 923 760; x_wconf 84' lang='lat' dir='ltr'><strong>orientalium</strong></span> <span class='ocrx_word' id='word_1_16' title='bbox 945 694 1139 776; x_wconf 82' lang='lat' dir='ltr'><strong>Anglorum</strong></span> <span class='ocrx_word' id='word_1_17' title='bbox 1160 695 1303 778; x_wconf 90' lang='lat' dir='ltr'><strong>hyema-</strong></span> 
     </span>
     <span class='ocr_line' id='line_1_4' title="bbox 350 794 1303 878; baseline -0.001 -19"><span class='ocrx_word' id='word_1_18' title='bbox 350 797 414 872; x_wconf 87' lang='lat' dir='ltr'><strong>vit,</strong></span> <span class='ocrx_word' id='word_1_19' title='bbox 430 796 489 859; x_wconf 90' lang='lat' dir='ltr'><strong>ubi</strong></span> <span class='ocrx_word' id='word_1_20' title='bbox 504 803 540 858; x_wconf 91' lang='lat' dir='ltr'><strong>et</strong></span> <span class='ocrx_word' id='word_1_21' title='bbox 553 796 705 859; x_wconf 86' lang='lat' dir='ltr'><strong>maxima</strong></span> <span class='ocrx_word' id='word_1_22' title='bbox 722 814 804 878; x_wconf 87' lang='lat' dir='ltr'><strong>pars</strong></span> <span class='ocrx_word' id='word_1_23' title='bbox 818 814 949 872; x_wconf 91' lang='lat' dir='ltr'><strong>eorum,</strong></span> <span class='ocrx_word' id='word_1_24' title='bbox 962 795 1023 877; x_wconf 91' lang='lat' dir='ltr'><strong>qui</strong></span> <span class='ocrx_word' id='word_1_25' title='bbox 1040 794 1174 876; x_wconf 79' lang='lat' dir='ltr'><strong>pedites</strong></span> <span class='ocrx_word' id='word_1_26' title='bbox 1190 802 1303 870; x_wconf 88' lang='lat' dir='ltr'><strong>erant,</strong></span> 
     </span>
     <span class='ocr_line' id='line_1_5' title="bbox 353 888 783 977; baseline 0.002 -19"><span class='ocrx_word' id='word_1_27' title='bbox 353 888 547 977; x_wconf 87' lang='lat' dir='ltr'><strong>¹equestres</strong></span> <span class='ocrx_word' id='word_1_28' title='bbox 562 895 674 959; x_wconf 86' lang='lat' dir='ltr'><strong>effecti</strong></span> <span class='ocrx_word' id='word_1_29' title='bbox 690 901 783 959; x_wconf 91' lang='lat' dir='ltr'><strong>sunt.</strong></span> 
     </span>
    </p>
   </div>
   <div class='ocr_carea' id='block_1_3' title="bbox 690 1063 969 1148">
    <p class='ocr_par' dir='ltr' id='par_1_3' title="bbox 690 1063 969 1148">
     <span class='ocr_line' id='line_1_6' title="bbox 690 1063 969 1148; baseline -0.007 -20"><span class='ocrx_word' id='word_1_30' title='bbox 690 1063 857 1128; x_wconf 74' lang='lat' dir='ltr'><strong>Adrianus</strong></span> <span class='ocrx_word' id='word_1_31' title='bbox 865 1084 969 1148; x_wconf 81' lang='lat' dir='ltr'><strong>papo.</strong></span> 
     </span>
    </p>
   </div>
   <div class='ocr_carea' id='block_1_4' title="bbox 353 1179 1311 3742">
    <p class='ocr_par' dir='ltr' id='par_1_4' title="bbox 353 1179 1311 3742">
     <span class='ocr_line' id='line_1_7' title="bbox 403 1179 1304 1270; baseline -0.002 -18"><span class='ocrx_word' id='word_1_32' title='bbox 403 1187 506 1252; x_wconf 84' lang='lat' dir='ltr'><strong>Anno</strong></span> <span class='ocrx_word' id='word_1_33' title='bbox 527 1189 666 1251; x_wconf 88' lang='lat' dir='ltr'>Domini</span> <span class='ocrx_word' id='word_1_34' title='bbox 680 1204 887 1251; x_wconf 79' lang='lat' dir='ltr'><strong>ncccnxvn.</strong></span> <span class='ocrx_word' id='word_1_35' title='bbox 904 1206 996 1270; x_wconf 90' lang='lat' dir='ltr'><strong>papa</strong></span> <span class='ocrx_word' id='word_1_36' title='bbox 1007 1179 1210 1263; x_wconf 70' lang='lat' dir='ltr'><strong>&#39;Adrianus</strong></span> <span class='ocrx_word' id='word_1_37' title='bbox 1224 1194 1304 1268; x_wconf 91' lang='lat' dir='ltr'><strong>post</strong></span> 
     </span>
     <span class='ocr_line' id='line_1_8' title="bbox 355 1286 1303 1366; baseline -0.005 -14"><span class='ocrx_word' id='word_1_38' title='bbox 355 1287 553 1363; x_wconf 89' lang='lat' dir='ltr'><strong>Nicolaum,</strong></span> <span class='ocrx_word' id='word_1_39' title='bbox 569 1286 659 1350; x_wconf 86' lang='lat' dir='ltr'><strong>sedit</strong></span> <span class='ocrx_word' id='word_1_40' title='bbox 681 1288 716 1348; x_wconf 94' lang='lat' dir='ltr'><strong>in</strong></span> <span class='ocrx_word' id='word_1_41' title='bbox 739 1287 905 1350; x_wconf 84' lang='lat' dir='ltr'><strong>cathedra</strong></span> <span class='ocrx_word' id='word_1_42' title='bbox 921 1286 1083 1350; x_wconf 89' lang='lat' dir='ltr'><strong>Romana</strong></span> <span class='ocrx_word' id='word_1_43' title='bbox 1100 1287 1202 1349; x_wconf 87' lang='lat' dir='ltr'><strong>annis</strong></span> <span class='ocrx_word' id='word_1_44' title='bbox 1217 1304 1303 1366; x_wconf 90' lang='lat' dir='ltr'><strong>qua-</strong></span> 
     </span>
     <span class='ocr_line' id='line_1_9' title="bbox 354 1380 1305 1459; baseline -0.005 -9"><span class='ocrx_word' id='word_1_45' title='bbox 354 1395 442 1450; x_wconf 89' lang='lat' dir='ltr'><strong>tuor.</strong></span> <span class='ocrx_word' id='word_1_46' title='bbox 475 1380 623 1449; x_wconf 83' lang='lat' dir='ltr'><strong>³Eodem</strong></span> <span class='ocrx_word' id='word_1_47' title='bbox 638 1405 730 1448; x_wconf 89' lang='lat' dir='ltr'><strong>anno</strong></span> <span class='ocrx_word' id='word_1_48' title='bbox 744 1386 923 1449; x_wconf 91' lang='lat' dir='ltr'><strong>Danorum</strong></span> <span class='ocrx_word' id='word_1_49' title='bbox 936 1384 1104 1448; x_wconf 85' lang='lat' dir='ltr'><strong>nefandus</strong></span> <span class='ocrx_word' id='word_1_50' title='bbox 1118 1385 1305 1459; x_wconf 88' lang='lat' dir='ltr'><strong>exercitus,</strong></span> 
     </span>
     <span class='ocr_line' id='line_1_10' title="bbox 353 1481 1304 1563; baseline -0.004 -14"><span class='ocrx_word' id='word_1_51' title='bbox 353 1486 388 1549; x_wconf 93' lang='lat' dir='ltr'><strong>in</strong></span> <span class='ocrx_word' id='word_1_52' title='bbox 403 1486 458 1549; x_wconf 91' lang='lat' dir='ltr'><strong>die</strong></span> <span class='ocrx_word' id='word_1_53' title='bbox 475 1485 637 1548; x_wconf 90' lang='lat' dir='ltr'><strong>Omnium</strong></span> <span class='ocrx_word' id='word_1_54' title='bbox 650 1484 868 1561; x_wconf 89' lang='lat' dir='ltr'><strong>Sanctorum,</strong></span> <span class='ocrx_word' id='word_1_55' title='bbox 884 1485 928 1548; x_wconf 88' lang='lat' dir='ltr'><strong>ab</strong></span> <span class='ocrx_word' id='word_1_56' title='bbox 942 1484 1168 1547; x_wconf 85' lang='lat' dir='ltr'><strong>orientalibus</strong></span> <span class='ocrx_word' id='word_1_57' title='bbox 1178 1481 1304 1563; x_wconf 82' lang='lat' dir='ltr'><strong>Anglis</strong></span> 
     </span>
     <span class='ocr_line' id='line_1_11' title="bbox 354 1581 1304 1664; baseline -0.005 -17"><span class='ocrx_word' id='word_1_58' title='bbox 354 1585 399 1647; x_wconf 90' lang='lat' dir='ltr'><strong>ad</strong></span> <span class='ocrx_word' id='word_1_59' title='bbox 414 1585 666 1648; x_wconf 87' lang='lat' dir='ltr'><strong>Eboraceusom</strong></span> <span class='ocrx_word' id='word_1_60' title='bbox 683 1584 858 1647; x_wconf 87' lang='lat' dir='ltr'><strong>civitatem</strong></span> <span class='ocrx_word' id='word_1_61' title='bbox 872 1583 1047 1664; x_wconf 83' lang='lat' dir='ltr'><strong>migravit.</strong></span> <span class='ocrx_word' id='word_1_62' title='bbox 1100 1581 1181 1660; x_wconf 90' lang='lat' dir='ltr'><strong>Quo</strong></span> <span class='ocrx_word' id='word_1_63' title='bbox 1199 1581 1304 1644; x_wconf 88' lang='lat' dir='ltr'><strong>etiam</strong></span> 
     </span>
     <span class='ocr_line' id='line_1_12' title="bbox 355 1681 1306 1765; baseline -0.005 -20"><span class='ocrx_word' id='word_1_64' title='bbox 355 1690 509 1765; x_wconf 88' lang='lat' dir='ltr'><strong>tempore</strong></span> <span class='ocrx_word' id='word_1_65' title='bbox 532 1684 685 1746; x_wconf 81' lang='lat' dir='ltr'><strong>maxima</strong></span> <span class='ocrx_word' id='word_1_66' title='bbox 709 1683 800 1746; x_wconf 91' lang='lat' dir='ltr'><strong>inter</strong></span> <span class='ocrx_word' id='word_1_67' title='bbox 825 1681 1152 1746; x_wconf 88' lang='lat' dir='ltr'><strong>Northanhnmbros</strong></span> <span class='ocrx_word' id='word_1_68' title='bbox 1176 1681 1306 1744; x_wconf 90' lang='lat' dir='ltr'><strong>discor-</strong></span> 
     </span>
     <span class='ocr_line' id='line_1_13' title="bbox 354 1779 1304 1863; baseline -0.004 -18"><span class='ocrx_word' id='word_1_69' title='bbox 354 1781 412 1845; x_wconf 89' lang='lat' dir='ltr'><strong>dia</strong></span> <span class='ocrx_word' id='word_1_70' title='bbox 444 1782 610 1857; x_wconf 81' lang='lat' dir='ltr'><strong>excitata,</strong></span> <span class='ocrx_word' id='word_1_71' title='bbox 651 1783 801 1863; x_wconf 91' lang='lat' dir='ltr'><strong>populus</strong></span> <span class='ocrx_word' id='word_1_72' title='bbox 831 1800 946 1862; x_wconf 78' lang='lat' dir='ltr'><strong>regem</strong></span> <span class='ocrx_word' id='word_1_73' title='bbox 979 1800 1080 1843; x_wconf 92' lang='lat' dir='ltr'><strong>suum</strong></span> <span class='ocrx_word' id='word_1_74' title='bbox 1112 1779 1304 1860; x_wconf 85' lang='lat' dir='ltr'><strong>legitimum</strong></span> 
     </span>
     <span class='ocr_line' id='line_1_14' title="bbox 355 1880 1306 1962; baseline -0.003 -19"><span class='ocrx_word' id='word_1_75' title='bbox 355 1880 539 1944; x_wconf 85' lang='lat' dir='ltr'><strong>Osbertum</strong></span> <span class='ocrx_word' id='word_1_76' title='bbox 563 1881 777 1962; x_wconf 82' lang='lat' dir='ltr'><strong>expellentes</strong></span> <span class='ocrx_word' id='word_1_77' title='bbox 802 1899 824 1943; x_wconf 87' lang='lat' dir='ltr'><strong>a</strong></span> <span class='ocrx_word' id='word_1_78' title='bbox 847 1899 966 1962; x_wconf 82' lang='lat' dir='ltr'><strong>regno,</strong></span> <span class='ocrx_word' id='word_1_79' title='bbox 990 1887 1175 1961; x_wconf 87' lang='lat' dir='ltr'><strong>tyrannum</strong></span> <span class='ocrx_word' id='word_1_80' title='bbox 1198 1897 1306 1960; x_wconf 90' lang='lat' dir='ltr'><strong>quen-</strong></span> 
     </span>
     <span class='ocr_line' id='line_1_15' title="bbox 354 1977 1304 2061; baseline -0.004 -19"><span class='ocrx_word' id='word_1_81' title='bbox 354 1979 433 2042; x_wconf 86' lang='lat' dir='ltr'><strong>dam</strong></span> <span class='ocrx_word' id='word_1_82' title='bbox 449 1979 560 2042; x_wconf 90' lang='lat' dir='ltr'><strong>Ellam</strong></span> <span class='ocrx_word' id='word_1_83' title='bbox 577 1980 726 2055; x_wconf 90' lang='lat' dir='ltr'><strong>nomine,</strong></span> <span class='ocrx_word' id='word_1_84' title='bbox 743 1999 812 2043; x_wconf 90' lang='lat' dir='ltr'><strong>non</strong></span> <span class='ocrx_word' id='word_1_85' title='bbox 833 1979 876 2042; x_wconf 89' lang='lat' dir='ltr'><strong>de</strong></span> <span class='ocrx_word' id='word_1_86' title='bbox 902 1979 1063 2061; x_wconf 86' lang='lat' dir='ltr'><strong>prosapia</strong></span> <span class='ocrx_word' id='word_1_87' title='bbox 1076 1977 1185 2059; x_wconf 84' lang='lat' dir='ltr'><strong>regali</strong></span> <span class='ocrx_word' id='word_1_88' title='bbox 1207 1977 1304 2058; x_wconf 82' lang='lat' dir='ltr'><strong>geni-</strong></span> 
     </span>
     <span class='ocr_line' id='line_1_16' title="bbox 354 2076 1305 2160; baseline -0.002 -19"><span class='ocrx_word' id='word_1_89' title='bbox 354 2085 441 2155; x_wconf 90' lang='lat' dir='ltr'><strong>tum,</strong></span> <span class='ocrx_word' id='word_1_90' title='bbox 456 2097 560 2160; x_wconf 88' lang='lat' dir='ltr'><strong>super</strong></span> <span class='ocrx_word' id='word_1_91' title='bbox 573 2079 670 2159; x_wconf 78' lang='lat' dir='ltr'><strong>regni</strong></span> <span class='ocrx_word' id='word_1_92' title='bbox 684 2079 816 2160; x_wconf 86' lang='lat' dir='ltr'><strong>apicem</strong></span> <span class='ocrx_word' id='word_1_93' title='bbox 834 2078 1033 2141; x_wconf 87' lang='lat' dir='ltr'><strong>extulerunt</strong></span> <span class='ocrx_word' id='word_1_94' title='bbox 1047 2098 1056 2156; x_wconf 91' lang='lat'>;</span> <span class='ocrx_word' id='word_1_95' title='bbox 1082 2077 1143 2139; x_wconf 88' lang='lat' dir='ltr'><strong>sed</strong></span> <span class='ocrx_word' id='word_1_96' title='bbox 1160 2076 1305 2139; x_wconf 92' lang='lat' dir='ltr'><strong>consilio</strong></span> 
     </span>
     <span class='ocr_line' id='line_1_17' title="bbox 354 2174 1306 2254; baseline -0.004 -14"><span class='ocrx_word' id='word_1_97' title='bbox 354 2177 484 2253; x_wconf 91' lang='lat' dir='ltr'><strong>divino,</strong></span> <span class='ocrx_word' id='word_1_98' title='bbox 518 2177 781 2240; x_wconf 87' lang='lat' dir='ltr'><strong>advenientibus</strong></span> <span class='ocrx_word' id='word_1_99' title='bbox 810 2177 934 2254; x_wconf 78' lang='lat' dir='ltr'><strong>Dama,</strong></span> <span class='ocrx_word' id='word_1_100' title='bbox 962 2176 1132 2239; x_wconf 88' lang='lat' dir='ltr'><strong>Osbertus</strong></span> <span class='ocrx_word' id='word_1_101' title='bbox 1165 2182 1200 2238; x_wconf 90' lang='lat' dir='ltr'><strong>et</strong></span> <span class='ocrx_word' id='word_1_102' title='bbox 1226 2174 1306 2237; x_wconf 88' lang='lat' dir='ltr'><strong>Ella</strong></span> 
     </span>
     <span class='ocr_line' id='line_1_18' title="bbox 355 2274 1305 2359; baseline -0.004 -19"><span class='ocrx_word' id='word_1_103' title='bbox 355 2296 475 2359; x_wconf 87' lang='lat' dir='ltr'><strong>pacem</strong></span> <span class='ocrx_word' id='word_1_104' title='bbox 501 2276 656 2339; x_wconf 86' lang='lat' dir='ltr'><strong>fecerunt</strong></span> <span class='ocrx_word' id='word_1_105' title='bbox 671 2276 762 2338; x_wconf 86' lang='lat' dir='ltr'><strong>inter</strong></span> <span class='ocrx_word' id='word_1_106' title='bbox 786 2295 910 2358; x_wconf 80' lang='lat' dir='ltr'><strong>septo</strong></span> <span class='ocrx_word' id='word_1_107' title='bbox 935 2275 1086 2339; x_wconf 89' lang='lat' dir='ltr'><strong>utilitate</strong></span> <span class='ocrx_word' id='word_1_108' title='bbox 1109 2274 1305 2352; x_wconf 88' lang='lat' dir='ltr'><strong>communi;</strong></span> 
     </span>
     <span class='ocr_line' id='line_1_19' title="bbox 356 2372 1307 2458; baseline -0.002 -21"><span class='ocrx_word' id='word_1_109' title='bbox 356 2377 415 2456; x_wconf 91' lang='lat' dir='ltr'><strong>qui</strong></span> <span class='ocrx_word' id='word_1_110' title='bbox 432 2374 556 2437; x_wconf 88' lang='lat' dir='ltr'><strong>deinde</strong></span> <span class='ocrx_word' id='word_1_111' title='bbox 567 2374 701 2458; x_wconf 89' lang='lat' dir='ltr'><strong>junctis</strong></span> <span class='ocrx_word' id='word_1_112' title='bbox 719 2374 850 2437; x_wconf 87' lang='lat' dir='ltr'><strong>viribus</strong></span> <span class='ocrx_word' id='word_1_113' title='bbox 873 2375 1024 2457; x_wconf 83' lang='lat' dir='ltr'><strong>copiosis</strong></span> <span class='ocrx_word' id='word_1_114' title='bbox 1041 2374 1160 2437; x_wconf 89' lang='lat' dir='ltr'><strong>urbem</strong></span> <span class='ocrx_word' id='word_1_115' title='bbox 1177 2372 1307 2436; x_wconf 87' lang='lat' dir='ltr'><strong>adeunt</strong></span> 
     </span>
     <span class='ocr_line' id='line_1_20' title="bbox 357 2471 1306 2555; baseline -0.003 -18"><span class='ocrx_word' id='word_1_116' title='bbox 357 2474 622 2549; x_wconf 86' lang='lat' dir='ltr'><strong>Eboracensem,</strong></span> <span class='ocrx_word' id='word_1_117' title='bbox 649 2473 774 2555; x_wconf 90' lang='lat' dir='ltr'><strong>quibus</strong></span> <span class='ocrx_word' id='word_1_118' title='bbox 801 2473 1070 2538; x_wconf 86' lang='lat' dir='ltr'><strong>adventantibus</strong></span> <span class='ocrx_word' id='word_1_119' title='bbox 1092 2473 1221 2555; x_wconf 79' lang='lat' dir='ltr'><strong>pagani</strong></span> <span class='ocrx_word' id='word_1_120' title='bbox 1251 2471 1306 2535; x_wconf 84' lang='lat' dir='ltr'><strong>fu·</strong></span> 
     </span>
     <span class='ocr_line' id='line_1_21' title="bbox 357 2571 1307 2655; baseline 0 -22"><span class='ocrx_word' id='word_1_121' title='bbox 357 2590 437 2653; x_wconf 83' lang='lat' dir='ltr'><strong>gam</strong></span> <span class='ocrx_word' id='word_1_122' title='bbox 464 2571 645 2635; x_wconf 89' lang='lat' dir='ltr'><strong>confestim</strong></span> <span class='ocrx_word' id='word_1_123' title='bbox 670 2572 851 2655; x_wconf 87' lang='lat' dir='ltr'><strong>arripiunt,</strong></span> <span class='ocrx_word' id='word_1_124' title='bbox 874 2572 967 2636; x_wconf 84' lang='lat' dir='ltr'><strong>infra</strong></span> <span class='ocrx_word' id='word_1_125' title='bbox 992 2572 1087 2635; x_wconf 87' lang='lat' dir='ltr'><strong>urbis</strong></span> <span class='ocrx_word' id='word_1_126' title='bbox 1117 2571 1248 2634; x_wconf 87' lang='lat' dir='ltr'><strong>moenia</strong></span> <span class='ocrx_word' id='word_1_127' title='bbox 1269 2590 1307 2633; x_wconf 89' lang='lat' dir='ltr'><strong>se</strong></span> 
     </span>
     <span class='ocr_line' id='line_1_22' title="bbox 357 2669 1308 2753; baseline -0.001 -20"><span class='ocrx_word' id='word_1_128' title='bbox 357 2669 540 2734; x_wconf 88' lang='lat' dir='ltr'><strong>defendere</strong></span> <span class='ocrx_word' id='word_1_129' title='bbox 581 2671 815 2748; x_wconf 88' lang='lat' dir='ltr'><strong>decernentes,</strong></span> <span class='ocrx_word' id='word_1_130' title='bbox 856 2691 942 2753; x_wconf 89' lang='lat' dir='ltr'><strong>quos</strong></span> <span class='ocrx_word' id='word_1_131' title='bbox 979 2688 1079 2753; x_wconf 86' lang='lat' dir='ltr'><strong>reges</strong></span> <span class='ocrx_word' id='word_1_132' title='bbox 1118 2670 1308 2734; x_wconf 87' lang='lat' dir='ltr'><strong>Christiani</strong></span> 
     </span>
     <span class='ocr_line' id='line_1_23' title="bbox 356 2768 1307 2851; baseline 0 -19"><span class='ocrx_word' id='word_1_133' title='bbox 356 2768 578 2851; x_wconf 86' lang='lat' dir='ltr'><strong>insequentes</strong></span> <span class='ocrx_word' id='word_1_134' title='bbox 595 2777 631 2834; x_wconf 93' lang='lat' dir='ltr'><strong>et</strong></span> <span class='ocrx_word' id='word_1_135' title='bbox 648 2771 850 2834; x_wconf 88' lang='lat' dir='ltr'><strong>acerrimum</strong></span> <span class='ocrx_word' id='word_1_136' title='bbox 875 2771 912 2833; x_wconf 90' lang='lat' dir='ltr'><strong>in</strong></span> <span class='ocrx_word' id='word_1_137' title='bbox 935 2770 1052 2834; x_wconf 86' lang='lat' dir='ltr'><strong>hostes</strong></span> <span class='ocrx_word' id='word_1_138' title='bbox 1066 2771 1233 2851; x_wconf 88' lang='lat' dir='ltr'><strong>impetum</strong></span> <span class='ocrx_word' id='word_1_139' title='bbox 1255 2769 1307 2832; x_wconf 84' lang='lat' dir='ltr'><strong>fa·</strong></span> 
     </span>
     <span class='ocr_line' id='line_1_24' title="bbox 357 2868 1308 2945; baseline -0.001 -14"><span class='ocrx_word' id='word_1_140' title='bbox 357 2869 499 2945; x_wconf 91' lang='lat' dir='ltr'><strong>cientes,</strong></span> <span class='ocrx_word' id='word_1_141' title='bbox 526 2869 620 2932; x_wconf 88' lang='lat' dir='ltr'><strong>urbis</strong></span> <span class='ocrx_word' id='word_1_142' title='bbox 650 2870 778 2932; x_wconf 86' lang='lat' dir='ltr'><strong>moenia</strong></span> <span class='ocrx_word' id='word_1_143' title='bbox 807 2871 1024 2933; x_wconf 69' lang='lat' dir='ltr'><strong>subvertunt·</strong></span> <span class='ocrx_word' id='word_1_144' title='bbox 1076 2868 1232 2932; x_wconf 87' lang='lat' dir='ltr'><strong>Tandem</strong></span> <span class='ocrx_word' id='word_1_145' title='bbox 1254 2869 1308 2931; x_wconf 92' lang='lat' dir='ltr'><strong>in·</strong></span> 
     </span>
     <span class='ocr_line' id='line_1_25' title="bbox 357 2968 1309 3051; baseline -0.001 -21"><span class='ocrx_word' id='word_1_146' title='bbox 357 2971 467 3049; x_wconf 81' lang='lat' dir='ltr'><strong>gressi</strong></span> <span class='ocrx_word' id='word_1_147' title='bbox 492 2969 681 3045; x_wconf 88' lang='lat' dir='ltr'><strong>civitatem,</strong></span> <span class='ocrx_word' id='word_1_148' title='bbox 714 2988 867 3050; x_wconf 87' lang='lat' dir='ltr'><strong>pugnam</strong></span> <span class='ocrx_word' id='word_1_149' title='bbox 892 2976 1014 3032; x_wconf 88' lang='lat' dir='ltr'><strong>contra</strong></span> <span class='ocrx_word' id='word_1_150' title='bbox 1044 2987 1213 3051; x_wconf 79' lang='lat' dir='ltr'><strong>paganos,</strong></span> <span class='ocrx_word' id='word_1_151' title='bbox 1243 2968 1309 3030; x_wconf 92' lang='lat' dir='ltr'><strong>sibi</strong></span> 
     </span>
     <span class='ocr_line' id='line_1_26' title="bbox 357 3066 1310 3148; baseline -0.002 -19"><span class='ocrx_word' id='word_1_152' title='bbox 357 3067 459 3130; x_wconf 89' lang='lat' dir='ltr'><strong>nimis</strong></span> <span class='ocrx_word' id='word_1_153' title='bbox 474 3068 688 3142; x_wconf 88' lang='lat' dir='ltr'><strong>damnosam,</strong></span> <span class='ocrx_word' id='word_1_154' title='bbox 700 3068 959 3146; x_wconf 89' lang='lat' dir='ltr'><strong>commiserunt;</strong></span> <span class='ocrx_word' id='word_1_155' title='bbox 977 3087 1057 3131; x_wconf 90' lang='lat' dir='ltr'><strong>nam</strong></span> <span class='ocrx_word' id='word_1_156' title='bbox 1070 3066 1107 3128; x_wconf 93' lang='lat' dir='ltr'><strong>in</strong></span> <span class='ocrx_word' id='word_1_157' title='bbox 1118 3066 1179 3129; x_wconf 91' lang='lat' dir='ltr'><strong>illa</strong></span> <span class='ocrx_word' id='word_1_158' title='bbox 1190 3085 1310 3148; x_wconf 85' lang='lat' dir='ltr'><strong>pugna</strong></span> 
     </span>
     <span class='ocr_line' id='line_1_27' title="bbox 356 3166 1309 3248; baseline -0.001 -19"><span class='ocrx_word' id='word_1_159' title='bbox 356 3167 554 3231; x_wconf 88' lang='lat' dir='ltr'><strong>ceciderunt</strong></span> <span class='ocrx_word' id='word_1_160' title='bbox 568 3187 667 3248; x_wconf 79' lang='lat' dir='ltr'><strong>reges</strong></span> <span class='ocrx_word' id='word_1_161' title='bbox 685 3167 854 3231; x_wconf 87' lang='lat' dir='ltr'><strong>Osbertus</strong></span> <span class='ocrx_word' id='word_1_162' title='bbox 868 3174 904 3230; x_wconf 88' lang='lat' dir='ltr'><strong>et</strong></span> <span class='ocrx_word' id='word_1_163' title='bbox 921 3166 1012 3242; x_wconf 84' lang='lat' dir='ltr'><strong>Ella,</strong></span> <span class='ocrx_word' id='word_1_164' title='bbox 1026 3174 1148 3229; x_wconf 85' lang='lat' dir='ltr'><strong>etcum</strong></span> <span class='ocrx_word' id='word_1_165' title='bbox 1164 3166 1215 3228; x_wconf 91' lang='lat' dir='ltr'><strong>eis</strong></span> <span class='ocrx_word' id='word_1_166' title='bbox 1228 3174 1309 3229; x_wconf 89' lang='lat' dir='ltr'><strong>octo</strong></span> 
     </span>
     <span class='ocr_line' id='line_1_28' title="bbox 358 3264 1310 3343; baseline 0 -15"><span class='ocrx_word' id='word_1_167' title='bbox 358 3267 530 3343; x_wconf 89' lang='lat' dir='ltr'><strong>consules,</strong></span> <span class='ocrx_word' id='word_1_168' title='bbox 548 3267 584 3328; x_wconf 91' lang='lat' dir='ltr'><strong>in</strong></span> <span class='ocrx_word' id='word_1_169' title='bbox 601 3266 656 3329; x_wconf 93' lang='lat' dir='ltr'><strong>die</strong></span> <span class='ocrx_word' id='word_1_170' title='bbox 673 3265 886 3342; x_wconf 90' lang='lat' dir='ltr'><strong>Palmarum,</strong></span> <span class='ocrx_word' id='word_1_171' title='bbox 901 3284 980 3329; x_wconf 91' lang='lat' dir='ltr'><strong>cum</strong></span> <span class='ocrx_word' id='word_1_172' title='bbox 997 3266 1177 3330; x_wconf 87' lang='lat' dir='ltr'><strong>turbarum</strong></span> <span class='ocrx_word' id='word_1_173' title='bbox 1191 3264 1310 3328; x_wconf 92' lang='lat' dir='ltr'><strong>multi·</strong></span> 
     </span>
     <span class='ocr_line' id='line_1_29' title="bbox 359 3363 1310 3447; baseline -0.001 -20"><span class='ocrx_word' id='word_1_174' title='bbox 359 3365 477 3428; x_wconf 91' lang='lat' dir='ltr'><strong>tudine</strong></span> <span class='ocrx_word' id='word_1_175' title='bbox 492 3366 644 3447; x_wconf 89' lang='lat' dir='ltr'><strong>copiosa.</strong></span> <span class='ocrx_word' id='word_1_176' title='bbox 677 3365 812 3428; x_wconf 89' lang='lat' dir='ltr'><strong>Deinde</strong></span> <span class='ocrx_word' id='word_1_177' title='bbox 828 3363 1065 3428; x_wconf 78' lang='lat' dir='ltr'><strong>nefandissimi</strong></span> <span class='ocrx_word' id='word_1_178' title='bbox 1074 3364 1226 3428; x_wconf 85' lang='lat' dir='ltr'><strong>victores</strong></span> <span class='ocrx_word' id='word_1_179' title='bbox 1236 3363 1310 3426; x_wconf 90' lang='lat' dir='ltr'><strong>Da·</strong></span> 
     </span>
     <span class='ocr_line' id='line_1_30' title="bbox 358 3461 1310 3545; baseline 0.001 -20"><span class='ocrx_word' id='word_1_180' title='bbox 358 3464 407 3539; x_wconf 94' lang='lat' dir='ltr'><strong>ni,</strong></span> <span class='ocrx_word' id='word_1_181' title='bbox 422 3471 531 3527; x_wconf 93' lang='lat' dir='ltr'><strong>totam</strong></span> <span class='ocrx_word' id='word_1_182' title='bbox 554 3463 939 3527; x_wconf 91' lang='lat' dir='ltr'><strong>Northanhnmbrorum</strong></span> <span class='ocrx_word' id='word_1_183' title='bbox 964 3461 1177 3545; x_wconf 89' lang='lat' dir='ltr'><strong>provinciam</strong></span> <span class='ocrx_word' id='word_1_184' title='bbox 1200 3481 1310 3543; x_wconf 90' lang='lat' dir='ltr'><strong>usque</strong></span> 
     </span>
     <span class='ocr_line' id='line_1_31' title="bbox 357 3561 1309 3645; baseline -0.002 -20"><span class='ocrx_word' id='word_1_185' title='bbox 357 3563 401 3625; x_wconf 90' lang='lat' dir='ltr'><strong>ad</strong></span> <span class='ocrx_word' id='word_1_186' title='bbox 430 3564 558 3626; x_wconf 92' lang='lat' dir='ltr'><strong>ostium</strong></span> <span class='ocrx_word' id='word_1_187' title='bbox 573 3562 683 3645; x_wconf 84' lang='lat' dir='ltr'><strong>Tynae</strong></span> <span class='ocrx_word' id='word_1_188' title='bbox 705 3563 855 3641; x_wconf 88' lang='lat' dir='ltr'><strong>fluminis</strong></span> <span class='ocrx_word' id='word_1_189' title='bbox 879 3561 1143 3644; x_wconf 87' lang='lat' dir='ltr'><strong>depopulantes,</strong></span> <span class='ocrx_word' id='word_1_190' title='bbox 1159 3562 1309 3644; x_wconf 87' lang='lat' dir='ltr'><strong>patriam</strong></span> 
     </span>
     <span class='ocr_line' id='line_1_32' title="bbox 357 3660 1311 3742; baseline 0.001 -20"><span class='ocrx_word' id='word_1_191' title='bbox 357 3660 435 3737; x_wconf 92' lang='lat' dir='ltr'><strong>sibi,</strong></span> <span class='ocrx_word' id='word_1_192' title='bbox 452 3662 553 3724; x_wconf 87' lang='lat' dir='ltr'><strong>victis</strong></span> <span class='ocrx_word' id='word_1_193' title='bbox 570 3660 739 3737; x_wconf 90' lang='lat' dir='ltr'><strong>hostibus,</strong></span> <span class='ocrx_word' id='word_1_194' title='bbox 756 3660 994 3725; x_wconf 85' lang='lat' dir='ltr'><strong>subdiderunt.</strong></span> <span class='ocrx_word' id='word_1_195' title='bbox 1046 3660 1147 3724; x_wconf 88' lang='lat' dir='ltr'><strong>Tunc</strong></span> <span class='ocrx_word' id='word_1_196' title='bbox 1169 3661 1311 3742; x_wconf 82' lang='lat' dir='ltr'><strong>regibus</strong></span> 
     </span>
    </p>
   </div>
   <div class='ocr_carea' id='block_1_5' title="bbox 356 3851 1315 4269">
    <p class='ocr_par' dir='ltr' id='par_1_5' title="bbox 360 3851 1313 3989">
     <span class='ocr_line' id='line_1_33' title="bbox 394 3851 1313 3925; baseline 0.004 -21"><span class='ocrx_word' id='word_1_197' title='bbox 394 3853 568 3921; x_wconf 78' lang='lat' dir='ltr'><strong>¹Equestrer.]</strong></span> <span class='ocrx_word' id='word_1_198' title='bbox 593 3859 717 3920; x_wconf 86' lang='lat' dir='ltr'><strong>Compare</strong></span> <span class='ocrx_word' id='word_1_199' title='bbox 736 3859 822 3920; x_wconf 77' lang='lat' dir='ltr'><strong>Carta,</strong></span> <span class='ocrx_word' id='word_1_200' title='bbox 882 3856 994 3906; x_wconf 73' lang='lat' dir='ltr'><strong>’Eodem</strong></span> <span class='ocrx_word' id='word_1_201' title='bbox 1014 3851 1104 3925; x_wconf 65' lang='lat' dir='ltr'><strong>anm]</strong></span> <span class='ocrx_word' id='word_1_202' title='bbox 1126 3857 1253 3920; x_wconf 85' lang='lat' dir='ltr'><strong>Compare</strong></span> <span class='ocrx_word' id='word_1_203' title='bbox 1271 3858 1313 3908; x_wconf 83' lang='lat' dir='ltr'><strong>the</strong></span> 
     </span>
     <span class='ocr_line' id='line_1_34' title="bbox 360 3926 1312 3989; baseline 0.003 -15"><span class='ocrx_word' id='word_1_204' title='bbox 360 3926 430 3975; x_wconf 84' lang='lat' dir='ltr'><strong>Hist.</strong></span> <span class='ocrx_word' id='word_1_205' title='bbox 443 3928 460 3975; x_wconf 93' lang='lat' dir='ltr'><strong>i.</strong></span> <span class='ocrx_word' id='word_1_206' title='bbox 472 3942 498 3987; x_wconf 89' lang='lat' dir='ltr'><strong>p.</strong></span> <span class='ocrx_word' id='word_1_207' title='bbox 509 3931 566 3977; x_wconf 78' lang='lat'><strong>29⁷.</strong></span> <span class='ocrx_word' id='word_1_208' title='bbox 847 3928 988 3977; x_wconf 85' lang='lat' dir='ltr'><strong>remainder</strong></span> <span class='ocrx_word' id='word_1_209' title='bbox 1005 3928 1035 3976; x_wconf 81' lang='lat' dir='ltr'><strong>ol</strong></span> <span class='ocrx_word' id='word_1_210' title='bbox 1053 3927 1105 3975; x_wconf 84' lang='lat' dir='ltr'><strong>this</strong></span> <span class='ocrx_word' id='word_1_211' title='bbox 1127 3927 1234 3989; x_wconf 84' lang='lat' dir='ltr'><strong>chapter</strong></span> <span class='ocrx_word' id='word_1_212' title='bbox 1249 3928 1312 3977; x_wconf 78' lang='lat' dir='ltr'><strong>with</strong></span> 
     </span>
    </p>

    <p class='ocr_par' dir='ltr' id='par_1_6' title="bbox 356 3991 1315 4269">
     <span class='ocr_line' id='line_1_35' title="bbox 392 3991 1315 4064; baseline 0.002 -20"><span class='ocrx_word' id='word_1_213' title='bbox 392 3991 564 4064; x_wconf 77' lang='lat' dir='ltr'><strong>’Adrianae,]</strong></span> <span class='ocrx_word' id='word_1_214' title='bbox 589 3997 631 4046; x_wconf 89' lang='lat' dir='ltr'><strong>the</strong></span> <span class='ocrx_word' id='word_1_215' title='bbox 653 3998 763 4057; x_wconf 73' lang='lat' dir='ltr'><strong>second,</strong></span> <span class='ocrx_word' id='word_1_216' title='bbox 790 3997 821 4045; x_wconf 89' lang='lat' dir='ltr'><strong>he</strong></span> <span class='ocrx_word' id='word_1_217' title='bbox 847 3996 1170 4057; x_wconf 81' lang='lat' dir='ltr'><strong>Asser,Sax.Chron.and</strong></span> <span class='ocrx_word' id='word_1_218' title='bbox 1184 3997 1315 4058; x_wconf 65' lang='lat' dir='ltr'><strong>morenae,</strong></span> 
     </span>
     <span class='ocr_line' id='line_1_36' title="bbox 356 4065 1314 4129; baseline 0 -14"><span class='ocrx_word' id='word_1_219' title='bbox 356 4067 416 4115; x_wconf 86' lang='lat' dir='ltr'><strong>died</strong></span> <span class='ocrx_word' id='word_1_220' title='bbox 436 4068 461 4114; x_wconf 92' lang='lat' dir='ltr'><strong>in</strong></span> <span class='ocrx_word' id='word_1_221' title='bbox 481 4071 538 4128; x_wconf 75' lang='lat'><strong>8⁷2,</strong></span> <span class='ocrx_word' id='word_1_222' title='bbox 557 4068 678 4116; x_wconf 87' lang='lat' dir='ltr'><strong>recorded</strong></span> <span class='ocrx_word' id='word_1_223' title='bbox 697 4068 779 4116; x_wconf 85' lang='lat' dir='ltr'><strong>below</strong></span> <span class='ocrx_word' id='word_1_224' title='bbox 796 4067 822 4115; x_wconf 88' lang='lat' dir='ltr'><strong>in</strong></span> <span class='ocrx_word' id='word_1_225' title='bbox 846 4068 880 4116; x_wconf 91' lang='lat' dir='ltr'><strong>ad</strong></span> <span class='ocrx_word' id='word_1_226' title='bbox 891 4082 933 4116; x_wconf 87' lang='lat' dir='ltr'><strong>an.</strong></span> <span class='ocrx_word' id='word_1_227' title='bbox 970 4065 1138 4129; x_wconf 75' lang='lat' dir='ltr'><strong>llnntingdon</strong></span> <span class='ocrx_word' id='word_1_228' title='bbox 1150 4067 1314 4127; x_wconf 72' lang='lat' dir='ltr'><strong>mysthatat</strong></span> 
     </span>
     <span class='ocr_line' id='line_1_37' title="bbox 356 4136 1315 4197; baseline 0 -12"><span class='ocrx_word' id='word_1_229' title='bbox 356 4140 420 4195; x_wconf 57' lang='lat' dir='ltr'><strong>87ae</strong></span> <span class='ocrx_word' id='word_1_230' title='bbox 438 4151 466 4185; x_wconf 85' lang='lat' dir='ltr'><strong>so</strong></span> <span class='ocrx_word' id='word_1_231' title='bbox 478 4136 533 4184; x_wconf 84' lang='lat' dir='ltr'><strong>that</strong></span> <span class='ocrx_word' id='word_1_232' title='bbox 543 4136 585 4184; x_wconf 87' lang='lat' dir='ltr'><strong>the</strong></span> <span class='ocrx_word' id='word_1_233' title='bbox 596 4138 723 4197; x_wconf 86' lang='lat' dir='ltr'><strong>‘quotuor</strong></span> <span class='ocrx_word' id='word_1_234' title='bbox 733 4138 821 4187; x_wconf 87' lang='lat' dir='ltr'><strong>annie&#39;</strong></span> <span class='ocrx_word' id='word_1_235' title='bbox 847 4137 897 4185; x_wconf 82' lang='lat' dir='ltr'><strong>thir</strong></span> <span class='ocrx_word' id='word_1_236' title='bbox 908 4139 968 4185; x_wconf 87' lang='lat' dir='ltr'><strong>time</strong></span> <span class='ocrx_word' id='word_1_237' title='bbox 979 4136 1045 4185; x_wconf 87' lang='lat' dir='ltr'><strong>their</strong></span> <span class='ocrx_word' id='word_1_238' title='bbox 1055 4136 1156 4186; x_wconf 81' lang='lat' dir='ltr'><strong>leaders</strong></span> <span class='ocrx_word' id='word_1_239' title='bbox 1167 4151 1235 4186; x_wconf 81' lang='lat' dir='ltr'><strong>were</strong></span> <span class='ocrx_word' id='word_1_240' title='bbox 1248 4137 1315 4186; x_wconf 81' lang='lat' dir='ltr'><strong>flin-</strong></span> 
     </span>
     <span class='ocr_line' id='line_1_38' title="bbox 356 4206 1068 4269; baseline 0.001 -16"><span class='ocrx_word' id='word_1_241' title='bbox 356 4207 378 4253; x_wconf 88' lang='lat' dir='ltr'><strong>is</strong></span> <span class='ocrx_word' id='word_1_242' title='bbox 390 4207 483 4267; x_wconf 80' lang='lat' dir='ltr'><strong>clearly</strong></span> <span class='ocrx_word' id='word_1_243' title='bbox 495 4221 511 4254; x_wconf 90' lang='lat' dir='ltr'><strong>a</strong></span> <span class='ocrx_word' id='word_1_244' title='bbox 523 4206 639 4255; x_wconf 85' lang='lat' dir='ltr'><strong>mistahe.</strong></span> <span class='ocrx_word' id='word_1_245' title='bbox 848 4221 911 4269; x_wconf 78' lang='lat' dir='ltr'><strong>guar</strong></span> <span class='ocrx_word' id='word_1_246' title='bbox 922 4206 973 4256; x_wconf 86' lang='lat' dir='ltr'><strong>and</strong></span> <span class='ocrx_word' id='word_1_247' title='bbox 985 4207 1068 4255; x_wconf 86' lang='lat' dir='ltr'><strong>Ubbe.</strong></span> 
     </span>
    </p>
   </div>
   <div class='ocr_carea' id='block_1_6' title="bbox 0 0 1515 5004">
    <p class='ocr_par' dir='ltr' id='par_1_7' title="bbox 0 0 1515 5004">
     <span class='ocr_line' id='line_1_39' title="bbox 0 0 1515 5004; baseline 0 0"><span class='ocrx_word' id='word_1_248' title='bbox 0 0 1515 5004; x_wconf 95' lang='lat' dir='ltr'><strong> </strong></span> 
     </span>
    </p>
   </div>
  </div>
 </body>
</html>
