3000 5004
589 456 759 507 PREFAGE·
1104 461 1153 505 XV

202 632 293 689 men,
313 612 395 676 licet
412 612 581 677 Romanae
602 621 741 677 taceant
760 614 925 692 historiae,
949 612 985 678 in
1008 614 1277 696 historinslnoor.

203 713 387 777 Britonum
405 721 520 778 tamen
536 714 732 777 continetur
748 734 961 796 expressum.
1016 715 1084 779 Ubi
1103 715 1155 778 di·
1167 686 1274 777 illlis.

201 813 292 876 citur
320 811 491 890 Albanus,
518 814 676 876 caritatis
701 815 815 895 gratia
847 814 992 892 fervens,
1021 816 1156 879 conses-

202 932 314 976 sorem
341 932 443 975 suum
467 910 715 994 Amphibalum
747 932 768 977 a
795 915 1072 996 persecutoribus
1102 915 1156 978 in·

202 1019 373 1076 sectatum
399 1013 437 1075 in
463 1012 601 1075 domurn
627 1014 898 1095 snamprimum
926 1014 1089 1090 occuluit,
1120 1022 1155 1077 ot

202 1111 338 1187 deinde,
359 1113 504 1175 mutatis
531 1112 696 1188 vestibus,
722 1131 798 1176 sose
822 1112 1008 1177 discrimini
1033 1114 1154 1177 mortis

204 1211 342 1288 obtulit,
364 1211 504 1274 imitans
525 1212 561 1274 in
580 1211 646 1275 hoc
670 1210 859 1289 Christum,
880 1214 1029 1276 animam
1055 1232 1154 1276 suam

203 1329 266 1392 pro
283 1311 406 1374 ovibus
423 1318 619 1394 ponentem.

244 1482 315 1547 ‘De
324 1483 549 1569 predicat-ione
561 1484 662 1548 suomi
676 1484 871 1569 Arrmhlboli,
889 1494 917 1549 et
930 1485 1119 1550 convers-ione

565 1581 645 1647 beati
659 1583 789 1649 lictant

255 1711 266 1740 ‘
283 1705 397 1788 Igitur
412 1705 533 1770 diebus
550 1707 709 1790 singulis,
730 1729 809 1774 cum
829 1708 903 1793 jam
922 1709 958 1773 in
974 1728 1153 1790 vesperam
1168 1730 1303 1790 mutaver-

203 1806 289 1870 bora
305 1806 505 1884 declinaret,
521 1808 687 1889 magister
703 1817 739 1873 et
753 1810 956 1891 discipulus,
977 1808 1153 1872 hominum
1166 1791 1220 1820 '¹⁰¹¹'

204 1906 434 1987 frequentiam
456 1906 663 1986 devitantes,
691 1909 735 1972 ad
761 1910 897 1973 domum
925 1909 1154 1986 remotiorem,

206 2026 285 2088 quae
305 2006 482 2087 tugurium
501 2005 606 2089 vulgo
631 2008 720 2072 solet
747 2007 927 2092 appellari,
945 2027 983 2071 se
1007 2008 1154 2090 proripi·

204 2114 279 2183 unt,
296 2114 431 2169 noctem
446 2113 557 2169 totam
578 2106 703 2171 ibidem
726 2108 762 2172 in
780 2109 847 2173 Dei
863 2107 1023 2172 laudibus
1040 2115 1154 2171 trans·

204 2207 349 2287 igentes.
411 2205 458 2269 Et
482 2205 558 2269 haec
583 2207 756 2272 faciebant
784 2228 827 2272 ne
857 2216 1026 2271 secretum
1053 2226 1153 2298 suurn

205 2305 322 2388 palam
346 2304 444 2368 fieret
465 2305 671 2383 infidelibus,
695 2307 754 2390 qui
777 2309 927 2372 cultores
947 2306 1154 2369 Christianae

204 2404 383 2485 religionis
399 2422 468 2466 non
484 2406 521 2469 in
539 2405 605 2468 fido
620 2408 730 2489 sequi,
746 2407 805 2471 sed
821 2426 884 2489 pro
902 2405 968 2468 lide
981 2406 1153 2487 persequi,

204 2502 467 2568 contendebant.
520 2504 660 2584 Verum,
679 2506 858 2589 aliquanto
876 2514 1030 2588 tempore
1046 2506 1155 2569 inter-

200 2603 308 2687 jecto,
337 2603 477 2684 gentilis
500 2603 640 2686 quidam
667 2607 711 2668 ad
731 2607 884 2690 judicem
910 2605 1075 2669 audacter
1100 2606 1153 2669 in·

206 2721 346 2784 gressus
366 2701 459 2784 quod
482 2704 612 2768 sactum
635 2703 749 2770 fuerat
770 2706 948 2782 indicavit,
971 2704 1057 2769 nihil
1079 2723 1153 2767 om·

204 2804 287 2867 nino
308 2801 448 2884 reliquit
470 2803 652 2881 intactum,
678 2824 747 2887 quo
774 2806 909 2870 facilins
936 2804 992 2869 vel
1017 2805 1155 2868 obesset

203 2902 443 2966 innocentibus
467 2903 521 2966 vel
538 2903 690 2987 judicem
711 2907 902 2988 impelleret
924 2904 967 2967 ad
992 2904 1153 2968 furorem.

205 3000 341 3080 Quibus
371 3002 531 3082 cognitis,
563 3003 673 3086 judex
706 3025 789 3069 mox
821 3003 1008 3069 iracundiae
1038 3003 1154 3067 surore

205 3120 391 3166 succensus
406 3099 582 3165 Albanum
603 3111 638 3167 et
657 3103 860 3187 magistrum
881 3103 976 3166 illius
991 3102 1033 3166 ad
1054 3121 1153 3164 suam

204 3202 424 3282 praesentiam
443 3200 551 3285 jussit
575 3205 726 3280 evocari,
749 3211 789 3267 ut
806 3223 884 3269 cum
907 3221 961 3277 ea,
983 3219 1054 3283 qua
1075 3200 1153 3281 dig·

205 3319 285 3362 num
309 3308 395 3377 erat,
418 3302 612 3365 reverentia
634 3302 699 3366 diis
722 3304 794 3366 suis
817 3301 976 3366 victimas
997 3299 1154 3362 immola·

205 3408 301 3478 rent3
342 3400 499 3464 nolentes
529 3408 645 3465 autem
674 3402 707 3464 vi
740 3408 776 3464 et
805 3399 971 3463 violentia
999 3416 1154 3479 compre·

205 3498 320 3577 hendi,
334 3499 473 3564 vinculo
496 3501 637 3578 arctari,
661 3508 697 3564 et
718 3500 788 3564 aris
810 3499 964 3574 deorum,
987 3497 1064 3561 loco
1086 3498 1155 3561 vic·

204 3597 310 3674 timae,
323 3597 536 3686 jugulandos
552 3601 692 3682 imponi.
739 3600 806 3664 Sed
822 3598 1018 3683 hujusmodi
1037 3597 1155 3661 decre·

206 3704 278 3760 tum
302 3696 477 3761 Albanum
500 3719 569 3763 non
592 3700 707 3778 latuit,
728 3701 799 3782 qui,
823 3700 987 3782 principis
1012 3698 1157 3761 insidias

205 3795 316 3859 modis
332 3798 490 3862 omnibus
511 3799 651 3881 cupiens
674 3800 877 3882 praevenire,
897 3800 1056 3862 hortatur
1069 3794 1157 3860 Arn-

204 3894 380 3976 phibalum
413 3906 452 3961 ut
481 3899 565 3960 urbe
589 3899 740 3977 secedat,
769 3900 855 3963 dans
884 3900 915 3962 ei
941 3895 1156 3979 chlamydem

206 4013 289 4058 auro
318 4004 464 4074 textam,
497 3999 556 4081 qui
588 4000 695 4062 tutior
730 4000 774 4062 ab
805 3999 963 4062 hostibus
997 3996 1155 4060 reddere·

206 4101 282 4174 tur;
306 4097 414 4159 vestis
437 4097 528 4160 enim
552 4096 720 4180 ejusmodi
736 4106 856 4175 tantae,
880 4106 962 4161 tunc
979 4094 1156 4175 temporis,

205 4194 297 4276 apud
320 4215 439 4259 omncs
460 4198 640 4279 dignitatis
662 4206 838 4281 tantaeque
856 4198 922 4260 fuit
943 4193 1156 4270 reverentiae,
