3000 5004
466 472 604 520 udonus
629 472 900 521 ursronmnuu.
1091 456 1157 523 401

363 687 529 751 Mirocadz
543 689 580 752 do
594 697 698 753 sancto
712 689 823 774 Elfepo
839 690 984 774 episcopo.

251 823 356 890 Anno
379 827 519 892 Domini
546 846 774 894 nccccxnvn.
798 838 879 914 post
906 837 1063 893 sanctum
1091 828 1151 890 El·
1166 869 1275 910 „m

201 922 329 1006 sogum,
355 926 631 992 Wintoniensem
665 930 860 1012 praesulem,
892 923 1039 992 ¹Elfsius
1072 947 1150 991 suc·
1163 919 1290 1009 ξὺῇωζῗὴ·

201 1024 317 1089 cessit.
368 1019 442 1090 ²De
466 1029 568 1091 beato
593 1048 729 1111 quoqne
747 1028 870 1110 Eliego
895 1029 1034 1111 legitur,
1057 1028 1149 1109 quod
1164 1019 1225 1059 ΨΜ
1240 1023 1302 1060 ⁰⁸²¹·

201 1121 238 1185 in
254 1122 309 1187 die
323 1123 498 1203 Cinerum,
511 1147 588 1190 cnm
607 1128 649 1191 de
664 1148 759 1192 more
770 1128 978 1210 poeniteutes
990 1125 1150 1190 'ecclesiae

200 1220 376 1288 liminibus
392 1234 596 1303 removeret,
611 1225 771 1291 hortatus
786 1234 838 1289 est
853 1246 924 1302 eos,
940 1233 980 1288 ut
997 1233 1150 1306 tempore

202 1321 505 1404 quadragesimali,
515 1325 650 1409 Jejunio
666 1333 700 1389 et
717 1326 872 1389 castitati
886 1331 1064 1400 vacantes,
1076 1322 1151 1386 die·

202 1419 267 1483 bus
282 1421 351 1485 illis
367 1442 517 1489 uxorum
536 1425 640 1488 etiam
656 1425 787 1488 deliciis
803 1424 1039 1501 abstinerent3
1063 1442 1150 1504 quo-

201 1537 277 1581 rum
290 1540 391 1599 unus,
407 1524 542 1587 caeteris
559 1524 712 1606 episcopi
722 1524 938 1606 jussionibus
955 1529 1153 1586 reverenter

201 1618 530 1702 obtemperantibus,
549 1622 699 1706 joculari
721 1622 839 1705 coepit,
862 1622 993 1698 dicens,
1009 1641 1047 1684 se
1070 1622 1150 1684 abs-

202 1718 313 1782 tinere
351 1741 420 1785 non
448 1742 550 1804 posse
579 1741 600 1785 a
625 1741 762 1798 venere,
792 1741 814 1784 a
843 1722 920 1785 cibo
954 1722 1085 1803 pariter
1115 1727 1152 1784 et

204 1817 379 1900 conjugio,
407 1821 463 1884 cui
489 1821 683 1904 episcopus,
709 1820 926 1886 ‘Contristas
962 1840 1016 1883 me
1047 1820 1154 1883 miser

203 1917 343 1998 oppido,
367 1920 523 1985 nesciens
548 1919 631 2002 quid
654 1921 717 1983 tibi
743 1921 858 2002 pariat
879 1920 952 1983 dies
969 1919 1152 1997 ventura3’

204 2023 240 2078 ct
270 2017 320 2081 sic
348 2018 451 2083 homo
483 2019 542 2083 ille
571 2019 747 2094 recedens,
770 2019 891 2082 duram
924 2019 1016 2082 beati
1038 2017 1152 2099 Eliegi

204 2116 420 2199 prophetiam
440 2119 565 2182 nebulo
591 2119 781 2200 experitur,
801 2116 883 2181 dum
910 2125 1051 2199 postera
1075 2117 1154 2180 luce

204 2214 240 2278 iu
256 2217 414 2281 cubiculo
429 2218 476 2281 sit
486 2224 643 2301 repertus
657 2216 838 2310 exanimis,
850 2217 1018 2280 incertum
1036 2223 1152 2279 utrum

205 2332 228 2376 a
242 2313 380 2380 diabolo
395 2317 596 2381 suffocatus.
640 2315 722 2380 Alio
740 2335 877 2399 quoque
892 2323 1058 2397 tempore,
1071 2314 1152 2378 dum

205 2431 323 2478 sacros
337 2415 475 2480 ordines
498 2416 717 2492 celebrasset,
733 2422 803 2479 tres
820 2414 1008 2479 monachos
1030 2413 1074 2478 ad
1099 2434 1154 2478 or-

206 2510 320 2577 dinem
337 2516 597 2599 presbyteratus
612 2515 806 2596 promovit;
832 2514 1012 2596 completis
1034 2514 1153 2595 itaque

206 2612 396 2691 ordinibus,
418 2615 547 2697 praesul
563 2623 694 2679 sanctae
711 2614 962 2679 recordationis
984 2613 1156 2677 adstanti-

207 2710 272 2775 bus
300 2712 402 2790 dixit,
426 2712 566 2777 ‘Hodie
595 2714 705 2777 tribus
736 2713 913 2777 monachis
944 2731 1068 2777 manus
1091 2713 1155 2775 im-

207 2811 320 2891 posui,
347 2830 491 2893 quorum
516 2814 584 2877 duo
610 2812 819 2895 pontificalis
851 2812 982 2876 ordinis
1007 2812 1157 2893 gratiam

207 2910 423 2989 obtinebunt,
438 2931 526 2976 unus
551 2912 587 2975 in
607 2912 748 2976 civitate
763 2911 955 2992 Wigorniae
978 2929 1019 2974 ac
1033 2909 1157 2973 deinde

207 3007 243 3070 in
259 3007 398 3087 Cautio,
414 3019 449 3075 et
462 3011 551 3076 alter
566 3030 677 3074 meam
692 3011 807 3073 sedem
825 3010 1032 3093 quandoque
1047 3008 1157 3071 adim-

208 3107 336 3190 plebit;
361 3111 497 3187 tertius,
520 3111 740 3193 voluptatum
762 3107 957 3191 petulantia
979 3126 1157 3182 nocensne,

208 3207 340 3270 exitum
380 3209 608 3273 miserabilem
647 3211 811 3273 sortietur
824 3209 854 3286 ;’
895 3225 999 3289 quam
1035 3206 1157 3289 ntique

208 3307 321 3370 sancti
345 3309 504 3389 praesulis
530 3309 759 3391 prophetiam,
790 3315 828 3371 ut
855 3306 1078 3388 praedixerat,
1103 3325 1158 3368 re·

209 3423 284 3468 rum
320 3407 435 3471 exitus
471 3407 720 3490 comprobavit.
773 3406 903 3469 Eodem
944 3424 1035 3468 anno
1073 3424 1159 3485 gens

211 3502 607 3584 Northauhnmbrorum,
632 3505 789 3570 Eadredo
816 3505 888 3586 regi
912 3503 1014 3567 fidem
1038 3503 1160 3566 infrin-

246 3749 254 3779 ¹
265 3751 383 3815 Edrias]
400 3767 429 3802 or
440 3751 565 3812 Elisinus,
581 3766 610 3800 or
628 3751 672 3799 El·
698 3752 817 3801 Dunstan
828 3751 861 3812 hy
869 3750 969 3800 Osbern
980 3748 1031 3798 end
1043 3747 1161 3810 Eedmer,

209 3820 299 3872 iosias.
335 3821 378 3872 He
388 3822 412 3871 is
424 3821 481 3870 said
492 3828 519 3870 to
529 3821 593 3870 bave
601 3822 673 3883 gain·
699 3822 776 3884 Angl.
788 3821 859 3872 Sacc.
870 3820 898 3869 ii.
910 3834 954 3880 pp.
967 3822 1024 3879 1⁰9,
1036 3821 1092 3869 214.

211 3892 244 3942 ed
258 3891 301 3941 the
318 3905 361 3941 see
378 3891 406 3941 of
416 3891 574 3952 Conterbury
585 3891 618 3953 by
631 3890 673 3941 the

122 3958 126 3965 '
210 3961 335 4010 influence
356 3961 396 4010 his
420 3961 505 4011 ricbes
526 3975 589 4023 gave
612 3961 673 4019 him,
734 3956 971 4022 'Debeotoqueqae
986 3956 1096 4017 wega]
1116 3956 1163 4004 See

212 4032 263 4080 and
273 4037 299 4080 to
310 4031 375 4081 have
385 4030 446 4079 died
462 4045 495 4079 en
511 4031 554 4079 the
566 4029 632 4093 Alps
649 4030 675 4078 in
700 4029 741 4078 his
751 4028 806 4090 lise,
816 4029 865 4079 end
877 4029 919 4076 the
936 4026 1056 4075 anecdote
1067 4024 1164 4073 follow·

210 4099 251 4150 his
265 4102 375 4162 joumey
394 4106 420 4149 to
439 4100 558 4150 Remoto
577 4100 675 4149 receive
701 4100 745 4160 ing
764 4100 914 4159 concerning
930 4095 993 4155 him,
1011 4096 1037 4142 in
1049 4094 1107 4143 Act.
1119 4094 1164 4143 SS.

210 4171 253 4220 the
269 4171 332 4232 pell.
367 4169 491 4232 Compare
512 4169 676 4219 Malmsb.de
702 4168 766 4217 Ord.
782 4163 1060 4224 BenedictMabillen,
1076 4176 1165 4212 sear.

212 4239 395 4292 (annuentis.
406 4255 433 4304 p.
446 4243 504 4304 201,
514 4239 577 4289 with
595 4239 640 4289 life
651 4238 679 4287 oi
703 4253 729 4299 p.
741 4240 800 4298 28³,
810 4251 859 4303 req.

264 4355 340 4404 vor.
367 4355 390 4403 1.
947 4332 1015 4395 21³
