3000 5004
462 481 600 530 rnonus
628 480 899 531 ursronrnnuu.
1087 465 1155 531 395

200 640 355 704 ecclesiae
376 639 596 703 fidelissimus
619 640 739 718 abbas,
756 640 837 705 etsi
854 639 936 723 quid
955 640 1017 704 tibi
1036 640 1154 704 desue-

202 741 248 805 rit
267 740 311 804 ad
334 749 466 805 sanctae
486 741 663 821 religionis
680 740 970 823 supplementum,
988 760 1053 822 ego
1069 740 1154 804 illud

201 840 297 922 regia
320 839 484 921 largitate
512 839 704 922 supplebo!
756 839 881 921 Sicque
904 840 985 904 licet
1008 841 1154 905 multum

202 941 354 1004 renitens
369 941 492 1004 beatus
508 939 727 1015 Dunstanus,
742 939 787 1003 ad
805 939 953 1003 officium
979 939 1155 1022 regiminis

202 1057 225 1101 a
239 1039 315 1103 Deo
330 1047 488 1115 vocatus
511 1039 670 1103 omnibus
697 1058 734 1102 se
756 1039 903 1116 studuit,
919 1038 1018 1104 salvo
1041 1041 1155 1122 rigore

201 1138 391 1221 religionis
405 1138 587 1201 amabilem
603 1137 779 1202 exhibere.

290 1310 333 1375 Ut
347 1331 401 1375 ren
414 1308 622 1373 Eorhnuudm
635 1318 664 1373 et
678 1330 733 1378 rea
746 1309 920 1395 Norwepiae
933 1308 1077 1394 dolosus

522 1429 648 1494 reprcunt
663 1408 836 1472 diviserint.

255 1532 433 1598 Circaeos
455 1533 528 1596 dies
550 1524 729 1609 ¹Anlasus,
748 1551 874 1613 genere
890 1531 1155 1614 Norwigiensis,
1168 1550 1309 1591 nrmuunon

204 1633 263 1714 qui
279 1639 432 1714 tempore
458 1632 550 1713 regis
571 1631 766 1695 Ethelstani
788 1631 830 1694 de
853 1651 960 1712 regno
976 1631 1011 1696 N
1014 1631 1154 1697 orthan·
1167 1601 1233 1691 ἓξὲξ
1243 1602 1302 1650 '¹¹⁰⁸'

205 1730 425 1795 humbrorum
452 1732 584 1814 ejectus
621 1731 746 1808 fuerat,
777 1731 843 1795 hoc
870 1750 975 1807 anno,
1003 1733 1155 1796 maximo

204 1831 389 1896 comitatus
426 1831 579 1912 navigio,
614 1831 808 1895 Eboracum
847 1831 993 1913 petivit3
1031 1832 1155 1896 deiude

205 1930 377 1994 australes
392 1928 533 2011 Angliae
557 1937 674 2012 partes
697 1930 870 1995 hostiliter
892 1930 1023 2006 adiens,
1041 1933 1155 1996 subito

205 2029 270 2093 sibi
285 2048 429 2112 regnum
445 2029 585 2111 Angliae
603 2029 791 2112 subjugare
813 2030 996 2112 disposuit.
1050 2029 1155 2094 Cum-

205 2147 272 2212 que
294 2130 369 2194 haec
391 2130 464 2212 regi
482 2129 687 2193 Eadmundo
705 2130 866 2193 nuntiata
884 2128 1043 2207 fuissent,
1059 2130 1155 2195 veuit

206 2229 238 2291 ei
261 2230 400 2292 obviam
423 2249 500 2293 cum
523 2228 677 2292 exercitu
705 2230 846 2311 copioso
868 2236 903 2292 et
925 2229 1017 2310 apud
1046 2228 1271 2311 Lege-nautor

206 2329 366 2393 cestriam
393 2329 462 2392 duo
487 2348 586 2410 reges
610 2327 783 2392 hostiliter
807 2334 1061 2405 concurrentes,
1078 2329 1155 2410 plu·
1168 2300 1278 2339 mm

207 2428 293 2492 rima
309 2429 378 2492 diei
394 2435 506 2510 parte,
522 2428 725 2492 damnosum
748 2426 849 2490 nimis
866 2426 946 2490 hinc
964 2424 1043 2491 inde
1065 2447 1155 2510 prae-

205 2526 288 2590 lium
316 2529 581 2606 commiserunt;
607 2527 669 2591 sed
694 2527 763 2591 duo
784 2526 1046 2609 archiepiscopi,
1062 2527 1155 2592 Otho

207 2625 468 2692 Cautuariensis
505 2635 542 2691 et
571 2627 754 2690 Wlstanus
798 2626 1040 2705 Eboracensis,
1079 2628 1155 2692 viso

207 2727 367 2810 utrinque
401 2727 553 2809 periculo
591 2734 627 2789 et
655 2727 753 2808 regni
793 2727 1009 2805 exterminio,
1050 2727 1155 2791 talem

207 2825 375 2891 intereos
398 2827 615 2890 concordiam
643 2834 922 2908 composuerunt,
950 2835 989 2890 ut
1006 2825 1156 2891 Aulafus

207 2932 314 2990 totam
328 2925 468 3007 Anghae
477 2925 625 2988 insulam
638 2926 681 2989 ad
697 2925 869 2990 borealem
881 2925 1020 3008 plagam
1035 2934 1155 2991 stratae

207 3026 324 3106 regias,
352 3043 431 3108 quae
462 3025 643 3106 Watlinge
675 3024 812 3101 dicitur,
835 3025 1039 3107 possideret,
1063 3024 1155 3088 Ead-

205 3124 354 3205 mundus
378 3143 460 3188 vero
484 3124 528 3188 ad
552 3124 739 3188 australem
772 3124 926 3207 ejusdem
954 3122 1053 3187 callis
1077 3144 1157 3206 par-

206 3230 275 3287 tem
301 3231 376 3289 toto
402 3244 510 3305 regno
536 3224 678 3306 pacifice
701 3225 883 3298 frueretur,
912 3230 958 3298 et,
983 3223 1043 3304 qui
1066 3224 1157 3287 inter

204 3342 264 3387 cos
281 3324 388 3388 vitam
404 3324 544 3388 duceret
556 3324 758 3404 longiorem,
782 3341 924 3404 regnum
947 3328 1058 3386 totum
1076 3331 1158 3405 post

206 3429 350 3488 mortem
367 3424 509 3489 alterius
525 3431 722 3504 occuparet.
775 3421 912 3485 Deinde
927 3421 1076 3486 Anlafus
1091 3421 1155 3486 Al-

205 3523 350 3602 ditham,
374 3517 490 3587 ²Ormi
514 3522 651 3586 comitis
679 3522 797 3599 tiliam,
824 3522 978 3604 suscepit
1000 3541 1156 3600 uxorem,

241 3777 365 3840 ¹Aslqsar
373 3781 482 3843 genera]
493 3779 546 3829 The
554 3783 669 3841 compact
695 3778 792 3841 Dauos,
814 3779 955 3828 mentioned
973 3779 1000 3827 iu
1022 3778 1064 3828 the
1086 3779 1158 3829 chro-

205 3850 299 3913 agreed
316 3864 384 3912 upon
403 3851 516 3900 between
534 3849 669 3898 Eudmuud
695 3850 759 3899 niele
770 3849 800 3898 of
816 3850 909 3897 Petrus
920 3849 1002 3898 Olane
1018 3864 1048 3898 as
1064 3848 1157 3912 having

205 3919 256 3969 und
266 3920 354 3982 Aulai,
365 3920 485 3969 recorded
496 3922 522 3969 in
533 3920 584 3968 this
591 3919 669 3980 chop·
695 3920 744 3969 lost
767 3920 894 3981 England,
914 3919 998 3969 which
1016 3920 1056 3969 his
1075 3919 1157 3969 father

205 3996 253 4053 ter,
272 3991 295 4039 is
309 3990 390 4039 found
407 3991 461 4039 oleo
483 3990 509 4039 in
526 3991 627 4039 Simeon
644 3989 673 4039 ot
696 3988 797 4051 Frotho,
808 3990 865 4037 who
876 3989 926 4037 had
944 3989 999 4039 also
1015 3991 1077 4038 been
1095 3991 1158 4052 bap·

207 4061 322 4110 Durharn
351 4061 401 4109 und
437 4060 479 4108 the
508 4060 601 4111 Chron.
637 4059 669 4109 de
696 4059 762 4106 tized
790 4059 869 4120 there,
896 4057 948 4106 had
976 4057 1036 4107 held
1063 4064 1157 4118 twenty

207 4132 321 4180 Mailror.
681 4142 777 4189 =years.
814 4129 937 4189 Compare
949 4128 1051 4188 Scriptt.
1064 4128 1157 4175 Rerum

242 4198 252 4227 ²
273 4200 343 4248 Orrni
352 4200 374 4263 ‚·]
399 4200 519 4261 probably
540 4199 581 4248 the
601 4214 669 4248 same
696 4198 862 4260 Danicnrum,
873 4199 914 4248 ed.
924 4197 1072 4258 Langebek,
1082 4197 1101 4246 i.
1113 4212 1157 4259 pp.

207 4270 269 4319 with
283 4270 361 4320 Gorrn
375 4270 510 4333 Anglicus,
520 4270 583 4332 king
591 4269 669 4319 ottho
698 4273 753 4330 115,
763 4271 820 4316 281.
