3000 5004
348 459 414 524 328
607 470 741 518 nocam
766 471 812 516 nn
837 469 1042 517 wnunovna

351 630 571 694 ventantihus
589 629 757 704 obviaret,
774 628 1014 711 impositisque
1029 626 1153 708 piratis
1170 625 1304 701 inillis,

351 730 427 792 vias
458 729 563 790 maris
593 727 837 791 custodiendas
872 727 1052 790 commisit.
1106 725 1190 807 lpse
1222 746 1304 790 vero

353 827 538 902 Exoniam,
562 827 621 889 ubi
643 828 772 908 pagani
794 826 1016 909 hyemabunt,
1035 825 1209 889 hostiliter
1224 845 1304 907 pro-

352 945 491 1008 perans,
519 925 587 988 illis
614 925 767 1002 inclusiS,
801 927 978 990 civitatem
1011 925 1158 1001 obsedit,
1186 926 1302 987 nautis

353 1045 491 1106 quoque
525 1025 598 1087 suis
621 1024 812 1101 mandavit,
838 1032 878 1088 nt
906 1025 942 1087 in
970 1032 1068 1107 parta
1092 1023 1171 1087 freti
1197 1024 1302 1088 vitale

352 1123 510 1187 hostibus
534 1123 724 1188 subsidium
745 1124 978 1206 denegarent;
1010 1142 1158 1204 cumque
1185 1131 1302 1186 nautae

353 1242 399 1286 ex
415 1231 589 1305 praecepto
610 1223 702 1303 regis
728 1223 811 1286 illuc
834 1241 1050 1304 summopere
1065 1229 1303 1305 properarent,

354 1329 578 1386 occurrerunt
603 1328 740 1384 centum
772 1322 1027 1404 quinquaginta
1053 1340 1160 1384 naves
1189 1340 1302 1384 arma·

353 1429 467 1485 torum
491 1420 638 1484 militum
663 1429 827 1497 oneratae,
844 1440 922 1504 quae
945 1440 1063 1483 omues
1079 1421 1116 1483 in
1133 1420 1301 1483 auxilium

353 1539 494 1584 suorum
522 1519 715 1582 concivium
740 1520 966 1583 advenerunt.
1019 1518 1117 1596 Quas
1140 1538 1218 1581 cum
1240 1539 1310 1601 pa·v

353 1620 455 1699 ganis
486 1618 651 1681 militibus
680 1619 827 1681 ministri
856 1620 948 1699 regis
979 1619 1226 1699 cognovissent
1251 1638 1304 1681 re-

354 1716 478 1799 pletas,
507 1716 551 1779 ad
583 1735 680 1780 arma
700 1717 886 1800 prosiliunt
910 1725 945 1780 et
967 1717 1113 1780 viriliter
1138 1717 1303 1780 barbaras

355 1817 513 1879 nationes
538 1816 729 1892 invadunt3
753 1818 884 1897 pagani
901 1836 1051 1898 quoque,
1068 1817 1128 1898 qui
1141 1816 1217 1898 jam
1233 1816 1303 1880 fere

353 1934 416 1997 per
433 1933 585 1977 mensem
607 1915 697 1976 inter
713 1914 838 1979 flnctus
852 1915 968 1998 pelagi
983 1915 1203 1996 naufragium
1225 1935 1302 1998 per-

353 2013 527 2090 tulissent,
539 2013 712 2077 inutiliter
727 2014 883 2096 praelium
906 2014 1140 2091 reddiderunt,
1154 2014 1245 2079 unde
1266 2015 1302 2079 in

354 2120 527 2176 momento
545 2113 741 2194 agminibus
759 2133 877 2176 eorum
896 2113 1069 2196 laceratis,
1084 2114 1120 2176 in
1140 2113 1229 2191 loco,
1244 2116 1303 2198 qui

354 2205 551 2276 ¹Suanewic
569 2212 706 2291 dicitur,
722 2211 824 2276 undis
847 2213 1016 2276 submersi
1033 2231 1153 2276 omnes
1174 2213 1304 2295 pariter

353 2312 541 2394 perierunt.

551 2485 602 2549 De
623 2485 856 2550 West-sosoniae
867 2483 1109 2570 depopulalimte.

405 2606 508 2671 Anno
523 2609 665 2673 Domini
682 2626 935 2673 noccnxxvur.
953 2610 1126 2674 exercitus
1148 2628 1304 2692 pagano·

352 2728 441 2785 rum,
459 2709 519 2790 qui
540 2710 576 2771 in
591 2709 730 2772 Exonia
745 2710 980 2792 hyemaverat,
995 2710 1114 2772 urbem
1131 2709 1305 2786 deserens,

355 2806 606 2890 Chippenham,
621 2808 740 2871 villam
756 2810 886 2890 regiam
902 2809 939 2871 in
950 2808 1172 2872 Wilthescire
1188 2811 1303 2886 sitam,

353 2907 440 2971 adiit
456 2915 491 2970 et
508 2907 633 2971 ibidem
652 2908 839 2990 hyemavit.
880 2907 991 2971 Porro
1009 2907 1134 2990 Gytro,
1152 2928 1215 2971 rex
1231 2909 1304 2972 Da-

353 3026 488 3084 norum,
519 3027 596 3070 cum
630 3007 830 3071 fortitudine
863 3006 1053 3069 invincibili
1083 3006 1303 3089 perlustratis

347 3107 423 3188 jam
440 3106 610 3170 universis
625 3105 765 3187 Angliae
785 3105 922 3183 finibus,
939 3106 1017 3168 loca
1032 3107 1137 3169 'sacra
1158 3107 1303 3171 ubicun-

352 3225 420 3287 que
446 3207 672 3288 depopulans,
703 3205 866 3287 quicquid
898 3206 932 3268 in
964 3224 1050 3268 auro
1076 3205 1131 3268 vel
1158 3216 1303 3287 argento

351 3323 474 3388 rapere
502 3306 628 3387 potuit,
659 3304 826 3367 militibus
849 3304 1029 3385 erogavit3
1058 3303 1198 3367 tandem
1223 3326 1300 3369 cum

352 3402 444 3468 sama
461 3405 554 3486 regis
567 3403 702 3469 Alfredi
720 3405 935 3486 pervenisset
951 3404 994 3466 ad
1012 3422 1102 3479 eum,
1120 3404 1212 3484 qnod
1229 3406 1303 3487 ipse

353 3502 448 3566 solus
468 3504 505 3565 in
525 3502 784 3584 regnoAngliae
802 3503 1026 3584 praecaeteris
1045 3501 1184 3584 regibus
1208 3505 1300 3586 sapi-

350 3602 457 3677 entia,
473 3602 656 3683 prudentia
678 3610 712 3666 et
733 3602 864 3665 divitiis
885 3601 1116 3684 praepolleret,
1134 3602 1300 3684 profanus

351 3698 410 3761 ille
438 3699 482 3761 ad
514 3701 672 3763 nationes
703 3700 780 3763 illas
808 3701 938 3763 vexilla
963 3701 1091 3764 direxit
1122 3709 1158 3765 et
1184 3721 1299 3781 arma3

348 3796 462 3876 ignem
485 3797 521 3858 in
539 3799 630 3860 villis
653 3807 688 3862 ct
705 3799 907 3863 civitatibus
925 3800 1187 3878 accumulando,
1209 3801 1299 3865 ferro

382 4029 388 4058 ¹
413 4027 573 4101 Saouenda]
612 4034 620 4061 ‘
641 4029 807 4094 Gnauewic‚’
834 4034 852 4085 i.
864 4049 890 4095 p.
903 4038 961 4094 299,
978 4038 1052 4095 note:⁴
1066 4033 1116 4082 and
1133 4033 1166 4095 by
1179 4035 1231 4084 Mt,
1242 4035 1301 4083 'lin-

345 4101 442 4162 Asser3
459 4104 587 4165 supposed
607 4105 640 4166 by
652 4105 807 4154 Cartetobe
833 4103 877 4151 dal
896 4109 921 4152 to
939 4104 970 4151 he
990 4102 1135 4151 Swanvviclr
1155 4105 1180 4151 in
1202 4105 1299 4166 Hamp-

345 4172 489 4235 Sauewiclr,
507 4188 567 4222 near
587 4175 703 4223 Poverell
723 4175 808 4234 Point,
833 4172 900 4221 shirc
911 4187 919 4234 3
940 4174 1033 4235 Rapio,
1052 4173 1121 4222 Hist.
1140 4174 1216 4236 Eugl.
1235 4175 1252 4223 i.
1272 4190 1298 4236 p.

343 4255 375 4289 on
384 4243 426 4291 the
432 4249 502 4293 coast
510 4243 539 4293 oi
547 4244 721 4303 nossalim
737 4244 806 4292 Hist.
833 4246 876 4304 91,
887 4247 941 4290 note
952 4239 972 4290 ⁶.
