3000 5004
462 472 602 520 riores
626 472 896 521 ursronmnuu.
1086 455 1152 521 967

200 626 299 709 piens
321 626 533 690 Francorum
559 628 720 709 regnavit
744 626 986 708 annisviginti
1008 636 1152 709 septem.

202 725 332 789 Eodem
358 745 450 790 anno
478 726 764 789 clementissimus
780 721 860 789 ¹rex
876 725 1070 807 Anglorum
1090 726 1151 790 Al·
1166 742 1269 832 ffli‘

201 824 329 900 fredus,
361 832 545 907 postquam
570 825 694 906 viginti
725 845 849 889 novem
873 826 973 887 annis
1001 833 1036 888 et
1058 845 1153 889 men·
1253 818 1259 830 ’

201 925 298 986 sibus
336 942 400 987 sex
439 942 585 1004 regnum
614 924 793 999 tenuisset,
832 925 954 1005 quinto
984 922 1153 987 kalendas

201 1021 421 1097 Novembris,
447 1030 572 1103 quarte
594 1020 692 1097 seria,
717 1021 906 1085 indictione
932 1023 1066 1103 quinta,
1090 1043 1153 1104 pro

201 1139 307 1201 regno
324 1121 506 1203 temporali
520 1121 746 1183 commutavit
762 1128 941 1183 aeternum.
988 1120 1153 1201 Sepultus

201 1226 256 1282 est
279 1226 395 1282 autem
413 1218 602 1282 Wintoniae
626 1220 664 1281 in
681 1212 791 1282 ¹novo
814 1220 1037 1294 monasterio,
1060 1219 1153 1300 quod

202 1318 277 1398 ipse
304 1317 522 1394 fundaverat,
550 1324 585 1380 et
616 1317 708 1380 stola
739 1319 850 1381 beaten
882 1317 1153 1381 immortalitatis

202 1416 356 1492 indutus,
371 1416 429 1479 ubi
445 1416 641 1496 generalem
659 1423 841 1496 exspectat
856 1416 1153 1491 resurrectionem,

203 1520 286 1578 tunc
302 1515 429 1578 ibidem
442 1513 557 1577 denuo
574 1514 802 1578 coronandus.

299 1684 348 1748 De
364 1692 459 1769 raptu
473 1682 636 1767 cujusdam
650 1683 896 1748 sanctimonialis
911 1684 1053 1768 cirpiois.

252 1805 357 1870 Anno
375 1806 516 1870 Domini
533 1822 674 1870 noccc1.
686 1799 932 1883 ³Eadwardus,
947 1805 1082 1869 Alsredi
1099 1826 1152 1870 re·
1167 1826 1276 1865 anon.

1166 1877 1289 1915 Succerclon

202 1905 257 1986 gis
278 1904 540 1987 primogenitus,
556 1905 735 1968 literarum
752 1898 868 1967 ⁴cultu
891 1914 989 1987 patre
1012 1904 1154 1969 inferior
1166 1926 1305 1965 ormana

202 2004 262 2066 sed
284 2004 441 2085 potentia
454 2004 584 2084 pariter
601 2010 636 2066 et
650 2003 821 2083 dignitate
840 2003 1035 2084 gloriosior,
1054 2006 1152 2084 regni

202 2100 341 2183 Angliae
369 2108 423 2164 est
451 2101 646 2164 diademate
676 2101 873 2182 insignitus.
927 2101 1083 2182 Cumque
1117 2102 1152 2164 in

202 2201 297 2281 regio
335 2207 428 2263 esset
463 2199 604 2280 fastigio
640 2199 859 2275 sublimatus,
897 2194 1152 2265 ⁵Ethelwaldus

204 2297 309 2374 Clito,
332 2298 497 2379 patruelis
525 2298 601 2380 ejus
624 2298 728 2373 filius,
752 2299 812 2379 qui
835 2316 885 2373 se,
908 2317 990 2379 rege
1016 2317 1152 2379 genere,

205 2408 274 2460 non
299 2397 461 2460 credebat
482 2396 678 2461 inferiorem
706 2415 769 2459 nec
795 2397 952 2479 potentia
974 2397 1152 2474 minorem,

203 2496 296 2557 omni
313 2495 390 2558 nisu
407 2495 609 2576 adspirabat
630 2496 672 2558 ad
691 2515 849 2576 regnum,
868 2502 903 2558 et
921 2496 1022 2559 villas
1039 2498 1152 2577 regias

204 2587 378 2658 Oxbeam⁶
405 2600 441 2656 et
464 2593 703 2676 Wynburnam
729 2600 945 2675 nuncupatas
973 2594 1153 2671 invadens,

204 2692 317 2755 valvis
344 2693 526 2767 obseratis,
550 2711 625 2755 sese
654 2693 690 2754 in
722 2711 781 2755 eas
810 2712 889 2755 cum
920 2694 992 2756 suis
1026 2701 1153 2756 temere

202 2789 401 2870 intromisit.
454 2789 535 2853 Hoc
562 2797 677 2853 autem
703 2791 739 2852 in
769 2791 859 2868 loco,
883 2798 923 2853 ut
948 2810 1055 2874 supra
1082 2792 1154 2854 dic-

203 2896 277 2953 tum
297 2897 362 2964 est,
380 2881 520 2951 ⁷sancta
536 2888 753 2970 cuthburga,
776 2889 851 2952 Ince
870 2891 962 2970 regis
977 2909 1154 2970 germana,

201 3113 270 3175 giuti
285 3113 396 3177 reptem]
410 3113 530 3162 Whether
541 3128 581 3161 we
592 3114 665 3174 place
693 3113 772 3161 Elder
783 3127 837 3161 war
855 3112 970 3161 crowned
987 3128 1019 3160 on
1036 3113 1078 3161 the
1096 3114 1155 3162 loth

205 3184 247 3232 the
263 3184 393 3232 accession
414 3182 444 3231 oi
463 3183 503 3231 his
525 3197 667 3243 successor,
693 3183 767 3243 May,
784 3182 965 3242 Whitsundny,
983 3183 1009 3230 in
1021 3187 1086 3248 992,
1105 3184 1155 3231 and

204 3252 287 3301 Rnool
306 3267 336 3300 or
358 3251 499 3312 Redolphe‚
517 3252 543 3298 in
565 3255 614 3299 929
638 3266 667 3299 or
692 3251 752 3299 died
764 3256 789 3299 at
798 3251 942 3311 Faringdon
955 3252 980 3297 in
991 3254 1049 3300 924.

204 3325 262 3381 929,
284 3321 326 3369 the
348 3325 482 3369 statement
503 3320 529 3368 in
551 3320 593 3368 the
612 3325 667 3369 text
728 3319 1155 3382 tctoupatretiserior;]‘1itera-

204 3395 274 3438 muct
294 3390 325 3438 be
347 3390 479 3438 iocor-rect.
515 3389 622 3439 charles
642 3390 666 3438 le
692 3403 747 3437 rum
759 3389 867 3436 scientia
878 3388 985 3436 multum
1004 3393 1075 3449 patre
1092 3389 1155 3438 inle-

204 3459 300 3519 Simple
325 3472 380 3507 was
407 3458 526 3506 crowned
552 3459 579 3505 in
609 3461 667 3519 899,
692 3451 758 3506 rior.⁸
795 3454 1010 3520 Malmsb.§l25.

204 3527 358 3589 imprieoned
375 3528 401 3574 in
418 3530 478 3588 922,
494 3527 545 3577 and
561 3526 622 3575 died
641 3528 667 3575 in
727 3523 915 3574 ⁸Etltelwuldua
928 3525 1022 3588 Clito]
1042 3526 1084 3573 He
1100 3540 1155 3574 war

205 3600 263 3645 929.
692 3594 734 3642 ὼε
746 3609 791 3642 son
803 3594 832 3643 ol
840 3594 1013 3655 Aethelberht,
1027 3594 1069 3643 tlte
1086 3595 1157 3644 elder

239 3662 246 3691 ¹
260 3665 317 3712 Rex
324 3663 460 3725 Anglorum
466 3663 604 3727 medua]
617 3664 668 3712 His
692 3663 793 3713 brother
804 3663 833 3711 ol
840 3662 954 3712 Aelfred.

204 3733 281 3783 death
292 3734 314 3780 ie
326 3733 416 3792 placed
428 3734 461 3793 by
472 3734 573 3781 Simeon
587 3734 613 3780 in
624 3733 667 3781 the
727 3727 738 3757 ⁶
752 3731 861 3780 Oxbeom
872 3736 897 3780 et
913 3731 1106 3796 anbemrnm5]
1118 3732 1157 3780 sor

205 3802 342 3864 preceding
350 3816 426 3862 year3
444 3804 491 3850 but
502 3801 544 3850 the
555 3802 611 3849 best
622 3816 668 3850 au·
693 3796 893 3862 ‘Tweoxbeam,¹
918 3816 946 3849 or
969 3803 1105 3863 according
1131 3807 1157 3850 to

205 3872 319 3920 thorities
330 3871 418 3919 record
428 3872 449 3918 it
460 3885 489 3919 as
500 3871 594 3931 haring
605 3870 668 3931 hap·
693 3869 735 3917 the
752 3871 813 3919 Sax.
826 3870 920 3920 Chron.
932 3871 1118 3930 ‘Tweaneam,'
1129 3886 1158 3919 or

204 3941 287 4002 pened
298 3954 330 3986 on
341 3939 384 3988 the
395 3939 455 3987 teth
467 3939 578 3989 October
583 3943 646 3988 991.
693 3937 903 3999 Christ-Choreb,
912 3940 963 3987 and
974 3940 981 3967 ‘
995 3940 1159 4000 Bnddan·by·

237 4006 248 4037 ¹
261 4009 330 4057 Nece
340 4008 483 4057 monaterio
488 4009 510 4071 ,·]
523 4009 531 4036 ‘
542 4023 574 4057 on
586 4009 618 4056 its
630 4022 669 4056 re·
693 4007 786 4068 rig,'or
796 4009 998 4068 Bedbury,near
1009 4010 1158 4058 winburne.

202 4079 286 4127 moral
321 4075 422 4126 called
441 4077 519 4138 Hyde
553 4072 668 4138 Abbey;’
729 4073 841 4125 'Sancto
854 4077 1021 4139 Cutlburgo]
1046 4077 1100 4124 The
1117 4091 1160 4124 ac·

204 4141 324 4208 Sharpe‘e
336 4147 506 4209 Malmebnry,
517 4161 543 4207 p.
557 4150 613 4196 149.
694 4150 771 4193 count
781 4145 910 4207 following
923 4147 945 4193 is
956 4146 1033 4193 taken
1041 4144 1104 4192 from
1117 4144 1159 4193 the

238 4210 447 4281 ’Edonum
473 4215 602 4264 Eadward
626 4214 668 4262 the
696 4213 862 4263 Sanchron.
875 4214 925 4262 end
938 4213 1066 4262 florence.
