3000 5004
189 597 237 639 blla
244 598 267 638 ol

353 402 418 468 320
610 418 743 466 neceni
768 418 815 465 ns
838 417 1045 466 wannovna

352 595 435 640 suos
463 584 510 652 et,
539 575 630 658 quod
660 574 876 657 potissimum
899 581 986 650 erat,
1015 573 1060 636 ab
1087 573 1246 638 omnibus
1269 577 1308 640 in

189 648 280 690 nomed.
394 654 402 666 “

353 694 461 757 regno
479 675 624 760 multum
642 674 863 755 diligebatur,
881 673 972 736 unde
990 680 1025 736 et
1043 672 1079 735 in
1095 674 1192 754 regia
1214 694 1306 738 sem·

352 795 415 857 per
432 774 528 837 curia
542 772 817 855 inseparabiliter
832 772 1059 836 nutriebatur.
1113 774 1198 837 Erat
1215 775 1306 837 enim

352 875 487 937 cunctis
507 872 672 935 fratribus
695 872 767 934 suis
790 871 901 934 forma
920 871 1108 947 decentior,
1126 873 1226 936 vultu
1249 893 1306 936 se·

352 973 478 1048 renior,
501 972 664 1054 quocirca
679 971 793 1034 verbis
811 977 844 1033 et
860 970 1011 1032 moribus
1037 972 1224 1051 gratiosior
1242 991 1305 1054 ap-

352 1072 519 1153 parebat3
543 1078 767 1133 veruntamen
790 1077 973 1152 parentum
996 1089 1037 1132 ac
1060 1071 1305 1151 magistrorum

351 1189 494 1233 suorum
522 1170 674 1253 incuria,
698 1188 807 1249 usque
841 1168 884 1230 ad
917 1187 1046 1230 annum
1076 1170 1192 1232 aetatis
1230 1190 1304 1233 suae

352 1269 591 1333 duodecimum
606 1267 790 1331 illiteratus
805 1267 1003 1348 permansit.
1056 1266 1232 1331 Saxonica
1249 1277 1303 1333 ta·

352 1388 432 1432 men
454 1374 615 1450 poemata
639 1366 694 1429 die
715 1373 887 1448 noctuque
911 1366 1019 1429 solers
1042 1367 1181 1430 auditor
1196 1376 1232 1431 et
1249 1389 1304 1432 re·

353 1467 480 1531 citator
496 1465 618 1531 docilis
635 1466 830 1529 memoriter
847 1465 1037 1544 retinebat;
1054 1465 1090 1527 in
1105 1476 1180 1529 arte
1197 1487 1304 1531 vena-

353 1567 456 1642 toria,
473 1565 712 1647 aucupatoria,
729 1566 833 1646 inque
859 1565 1011 1628 omnium
1034 1565 1159 1646 peritia
1175 1574 1210 1629 et
1228 1566 1304 1629 leli·

353 1665 460 1728 citate
476 1664 767 1745 incomparabilis,
783 1665 874 1726 sicut
895 1672 930 1727 et
947 1664 983 1726 in
1006 1663 1083 1726 aliis
1103 1665 1202 1727 donis
1225 1664 1302 1729 suit.

354 1763 443 1827 Cum
461 1782 543 1826 vero
570 1771 681 1826 mater
699 1763 776 1846 ejus
797 1763 853 1825 die
875 1764 1025 1853 quadam
1051 1764 1116 1826 sibi
1136 1772 1172 1827 et
1188 1764 1304 1828 sratri-

353 1862 418 1925 bus
444 1863 516 1925 suis
541 1863 713 1944 quendam
737 1860 948 1926 Saxonicum
975 1863 1126 1926 metricae
1153 1863 1239 1927 artis
1261 1863 1304 1926 li-

353 1961 465 2039 brum,
482 1980 584 2044 quem
610 1962 888 2039 manutenebat,
914 1962 1122 2038 ostenderet,
1147 1963 1198 2025 ait
1222 1962 1303 2041 illis,

352 2059 467 2139 ‘Quis
483 2067 636 2124 vestrum
659 2062 761 2124 eitius
778 2061 909 2124 discere
932 2062 1060 2143 poterit
1081 2062 1233 2126 codicem
1254 2063 1302 2124 is-

353 2167 440 2238 tum,
454 2161 545 2224 dabo
567 2161 598 2223 ei
613 2160 734 2224 illum.'
785 2159 884 2223 Tunc
902 2153 1082 2224 ¹Allredus
1102 2161 1303 2243 principalis

353 2258 463 2323 literoe
479 2258 556 2322 libri
573 2258 666 2322 illius
688 2259 941 2342 pulchritudine
958 2259 1106 2336 illectus,
1123 2261 1227 2324 matri
1249 2280 1303 2323 re·

354 2358 506 2440 spondit,
533 2357 715 2435 ‘Verene,'
740 2359 865 2441 inquit,
881 2359 1003 2422 ‘dabis
1025 2359 1151 2423 librum
1178 2359 1230 2422 illi
1256 2379 1299 2424 ex

353 2458 464 2533 nobis,
495 2457 555 2538 qui
588 2457 690 2521 citius
715 2457 814 2520 illum
840 2458 1032 2540 intelligere
1059 2466 1095 2522 et
1121 2479 1238 2523 coram
1267 2467 1301 2523 te

352 2555 481 2637 poterit
497 2556 643 2619 recitare
654 2557 681 2618 l’
734 2556 779 2620 Et
794 2557 866 2631 illa,
879 2563 889 2591 ‘
903 2557 1028 2634 Dabo,'
1045 2558 1166 2640 inquit.
1201 2558 1301 2622 Tune

352 2654 411 2717 ille
427 2655 552 2718 librum
575 2656 700 2720 tollens
723 2657 927 2737 magistrum
954 2657 1051 2732 adiit,
1077 2657 1175 2737 legit,
1198 2664 1234 2720 et
1255 2659 1300 2721 ad

352 2762 498 2817 matrem
522 2754 656 2818 rediens
674 2755 770 2818 illurn
789 2756 987 2819 memoriter
1004 2756 1173 2820 recitavit.
1228 2756 1299 2820 De·

352 2852 442 2931 inde,
474 2874 540 2917 usu
570 2854 713 2917 adsiduo
750 2854 824 2917 sine
854 2855 1116 2931 intermissione,
1147 2856 1312 2938 psalmos>

353 2952 542 3017 Dauidicos
557 2960 592 3017 et
604 2953 777 3017 orationes
793 2953 828 3016 in
845 2974 915 3018 uno
938 2955 1055 3018 libello
1072 2957 1299 3039 conscriptos,

351 3053 439 3117 etin
461 3052 539 3115 sinu
562 3072 625 3116 suo
648 3053 762 3133 gratia
779 3053 972 3118 devotionis
999 3054 1190 3137 impositae,
1207 3056 1299 3119 inse·

350 3151 551 3234 parabiliter
566 3152 836 3228 circumducens,
855 3151 997 3216 adsidue
1014 3155 1221 3231 ruminabat,
1238 3173 1303 3218 au·

350 3251 462 3315 dierat
487 3269 636 3331 namque
658 3269 680 3312 a
706 3252 872 3332 magistro
899 3251 990 3332 quod
1018 3271 1080 3314 rex
1113 3252 1300 3318 illiteratus

349 3350 396 3414 sit
412 3351 531 3413 asinus
545 3357 752 3429 coronatus;
776 3349 835 3413 sed
854 3369 931 3412 cum
948 3351 984 3413 in
1007 3350 1090 3414 flore
1103 3350 1300 3433 juventutis

348 3451 571 3527 constitutae,
586 3457 741 3513 cerneret
757 3449 887 3531 ‘legem
911 3451 946 3513 in
967 3450 1127 3513 membris
1149 3452 1222 3514 suis
1245 3472 1298 3515 re-

349 3558 562 3630 pugnantem
589 3549 659 3631 legi
681 3550 805 3612 mentis
832 3568 905 3612 suae
932 3558 967 3613 et
992 3550 1090 3612 illum
1115 3550 1298 3615 ducentem

348 3647 524 3729 captivum
550 3649 585 3710 in
607 3647 718 3730 legem
743 3648 901 3729 peccati,'
917 3649 1106 3731 saepissime
1131 3650 1167 3713 in
1196 3651 1298 3733 galli·

348 3754 453 3809 cantu
488 3755 523 3809 et
556 3745 649 3809 horis
683 3747 944 3811 matutinalibus
983 3748 1072 3811 clam
1108 3749 1151 3812 de
1185 3758 1297 3814 strato

346 3862 505 3925 surgens,
522 3845 685 3908 eeclesias
702 3855 737 3910 et
754 3855 953 3910 sanctorum
981 3849 1157 3932 reliquiae,
1176 3850 1297 3914 orandi

380 4099 388 4132 ¹
400 4102 517 4162 Alsredar
525 4102 668 4166 principalis
677 4104 699 4167 ,·]
716 4103 821 4153 ‘diviua
837 4105 1001 4167 inspiratione
1017 4104 1150 4153 instinctus
1162 4109 1188 4153 el
1203 4106 1297 4168 prinei·

343 4173 428 4234 palies
444 4173 532 4235 Aeser,
544 4188 569 4234 p.
584 4177 622 4221 16.
