<?xml version="1.0" encoding="UTF-8"?>
<!DOCTYPE html PUBLIC "-//W3C//DTD XHTML 1.0 Transitional//EN"
    "http://www.w3.org/TR/xhtml1/DTD/xhtml1-transitional.dtd">
<html xmlns="http://www.w3.org/1999/xhtml" xml:lang="en" lang="en">
 <head>
  <title>
</title>
<meta http-equiv="Content-Type" content="text/html;charset=utf-8" />
  <meta name='ocr-system' content='tesseract 3.04.00' />
  <meta name='ocr-capabilities' content='ocr_page ocr_carea ocr_par ocr_line ocrx_word'/>
</head>
<body>
  <div class='ocr_page' id='page_1' title='image "./rogeridewendove05rogegoog_0019.png"; bbox 0 0 3000 5004; ppageno 0'>
   <div class='ocr_carea' id='block_1_1' title="bbox 744 468 915 517">
    <p class='ocr_par' dir='ltr' id='par_1_1' title="bbox 744 468 915 517">
     <span class='ocr_line' id='line_1_1' title="bbox 744 468 915 517; baseline -0.006 -2"><span class='ocrx_word' id='word_1_1' title='bbox 744 468 915 517; x_wconf 80' lang='lat' dir='ltr'>PREFAGB.</span> 
     </span>
    </p>
   </div>
   <div class='ocr_carea' id='block_1_2' title="bbox 426 695 1223 783">
    <p class='ocr_par' dir='ltr' id='par_1_2' title="bbox 426 695 1223 783">
     <span class='ocr_line' id='line_1_2' title="bbox 426 695 1223 783; baseline -0.003 -21"><span class='ocrx_word' id='word_1_2' title='bbox 426 700 498 762; x_wconf 82' lang='lat' dir='ltr'>‘De</span> <span class='ocrx_word' id='word_1_3' title='bbox 515 700 607 774; x_wconf 79' lang='lat' dir='ltr'>Lero,</span> <span class='ocrx_word' id='word_1_4' title='bbox 625 720 692 783; x_wconf 66' lang='lat' dir='ltr'>rege</span> <span class='ocrx_word' id='word_1_5' title='bbox 706 696 886 774; x_wconf 78' lang='lat' dir='ltr'>Britonam,</span> <span class='ocrx_word' id='word_1_6' title='bbox 893 695 1087 781; x_wconf 64' lang='lat' dir='ltr'>secundaria</span> <span class='ocrx_word' id='word_1_7' title='bbox 1103 695 1223 762; x_wconf 81' lang='lat' dir='ltr'>relatio.</span> 
     </span>
    </p>
   </div>
   <div class='ocr_carea' id='block_1_3' title="bbox 189 820 1303 897">
    <p class='ocr_par' dir='ltr' id='par_1_3' title="bbox 189 820 1303 897">
     <span class='ocr_line' id='line_1_3' title="bbox 189 820 1303 897; baseline -0.007 -6"><span class='ocrx_word' id='word_1_8' title='bbox 189 842 310 891; x_wconf 74' lang='lat' dir='ltr'>fflntorror</span> <span class='ocrx_word' id='word_1_9' title='bbox 403 825 526 888; x_wconf 90' lang='lat' dir='ltr'>‘Circa</span> <span class='ocrx_word' id='word_1_10' title='bbox 542 824 606 887; x_wconf 93' lang='lat' dir='ltr'>hos</span> <span class='ocrx_word' id='word_1_11' title='bbox 622 823 725 887; x_wconf 89' lang='lat' dir='ltr'>etiam</span> <span class='ocrx_word' id='word_1_12' title='bbox 743 821 816 884; x_wconf 88' lang='lat' dir='ltr'>dies</span> <span class='ocrx_word' id='word_1_13' title='bbox 832 841 893 884; x_wconf 88' lang='lat' dir='ltr'>rex</span> <span class='ocrx_word' id='word_1_14' title='bbox 912 821 1096 884; x_wconf 90' lang='lat' dir='ltr'>Britonum</span> <span class='ocrx_word' id='word_1_15' title='bbox 1115 820 1207 897; x_wconf 86' lang='lat' dir='ltr'>Leir,</span> <span class='ocrx_word' id='word_1_16' title='bbox 1225 840 1303 884; x_wconf 90' lang='lat' dir='ltr'>cum</span> 
     </span>
    </p>
   </div>
   <div class='ocr_carea' id='block_1_4' title="bbox 189 893 306 944">
    <p class='ocr_par' dir='ltr' id='par_1_4' title="bbox 189 893 306 944">
     <span class='ocr_line' id='line_1_4' title="bbox 189 893 306 944; baseline -0.017 -11"><span class='ocrx_word' id='word_1_17' title='bbox 189 895 242 944; x_wconf 79' lang='lat' dir='ltr'>king</span> <span class='ocrx_word' id='word_1_18' title='bbox 250 893 306 933; x_wconf 80' lang='lat' dir='ltr'>Lelr.</span> 
     </span>
    </p>
   </div>
   <div class='ocr_carea' id='block_1_5' title="bbox 353 920 1383 4284">
    <p class='ocr_par' dir='ltr' id='par_1_5' title="bbox 353 920 1383 4284">
     <span class='ocr_line' id='line_1_5' title="bbox 353 920 1305 997; baseline -0.004 -9"><span class='ocrx_word' id='word_1_19' title='bbox 353 932 445 988; x_wconf 87' lang='lat' dir='ltr'>esset</span> <span class='ocrx_word' id='word_1_20' title='bbox 467 925 563 987; x_wconf 88' lang='lat' dir='ltr'>senio</span> <span class='ocrx_word' id='word_1_21' title='bbox 590 922 766 986; x_wconf 83' lang='lat' dir='ltr'>confectus</span> <span class='ocrx_word' id='word_1_22' title='bbox 787 921 946 984; x_wconf 87' lang='lat' dir='ltr'>etlilium</span> <span class='ocrx_word' id='word_1_23' title='bbox 972 940 1039 984; x_wconf 92' lang='lat' dir='ltr'>non</span> <span class='ocrx_word' id='word_1_24' title='bbox 1060 920 1213 997; x_wconf 90' lang='lat' dir='ltr'>haberet,</span> <span class='ocrx_word' id='word_1_25' title='bbox 1233 927 1305 984; x_wconf 88' lang='lat' dir='ltr'>tres</span> 
     </span>
     <span class='ocr_line' id='line_1_6' title="bbox 354 1019 1304 1105; baseline -0.003 -19"><span class='ocrx_word' id='word_1_26' title='bbox 354 1024 455 1099; x_wconf 88' lang='lat' dir='ltr'>filias,</span> <span class='ocrx_word' id='word_1_27' title='bbox 481 1041 569 1105; x_wconf 87' lang='lat' dir='ltr'>quas</span> <span class='ocrx_word' id='word_1_28' title='bbox 595 1022 725 1096; x_wconf 83' lang='lat' dir='ltr'><strong>habuit,</strong></span> <span class='ocrx_word' id='word_1_29' title='bbox 751 1021 922 1084; x_wconf 87' lang='lat' dir='ltr'>nobilibus</span> <span class='ocrx_word' id='word_1_30' title='bbox 947 1019 1118 1102; x_wconf 85' lang='lat' dir='ltr'><strong>disposuit</strong></span> <span class='ocrx_word' id='word_1_31' title='bbox 1141 1019 1304 1102; x_wconf 86' lang='lat' dir='ltr'>copulare</span> 
     </span>
     <span class='ocr_line' id='line_1_7' title="bbox 354 1119 1304 1202; baseline -0.004 -16"><span class='ocrx_word' id='word_1_32' title='bbox 354 1121 486 1186; x_wconf 90' lang='lat' dir='ltr'>maritis</span> <span class='ocrx_word' id='word_1_33' title='bbox 502 1143 510 1200; x_wconf 89' lang='grc'>;</span> <span class='ocrx_word' id='word_1_34' title='bbox 534 1122 608 1198; x_wconf 89' lang='lat' dir='ltr'>sed,</span> <span class='ocrx_word' id='word_1_35' title='bbox 624 1128 662 1184; x_wconf 93' lang='lat' dir='ltr'>ut</span> <span class='ocrx_word' id='word_1_36' title='bbox 679 1122 783 1185; x_wconf 87' lang='lat' dir='ltr'>sciret</span> <span class='ocrx_word' id='word_1_37' title='bbox 798 1139 876 1202; x_wconf 84' lang='lat' dir='ltr'>quae</span> <span class='ocrx_word' id='word_1_38' title='bbox 897 1119 1034 1183; x_wconf 90' lang='lat' dir='ltr'>illarum</span> <span class='ocrx_word' id='word_1_39' title='bbox 1057 1119 1192 1201; x_wconf 88' lang='lat' dir='ltr'>potiore</span> <span class='ocrx_word' id='word_1_40' title='bbox 1206 1119 1304 1200; x_wconf 86' lang='lat' dir='ltr'>regni</span> 
     </span>
     <span class='ocr_line' id='line_1_8' title="bbox 354 1218 1304 1304; baseline -0.004 -19"><span class='ocrx_word' id='word_1_41' title='bbox 354 1231 453 1304; x_wconf 89' lang='lat' dir='ltr'>parte</span> <span class='ocrx_word' id='word_1_42' title='bbox 470 1222 607 1304; x_wconf 80' lang='lat' dir='ltr'>dignior</span> <span class='ocrx_word' id='word_1_43' title='bbox 624 1220 818 1297; x_wconf 87' lang='lat' dir='ltr'>haberetur,</span> <span class='ocrx_word' id='word_1_44' title='bbox 830 1219 1073 1283; x_wconf 78' lang='lat' dir='ltr'><strong>sciscitabatur</strong></span> <span class='ocrx_word' id='word_1_45' title='bbox 1087 1218 1130 1281; x_wconf 91' lang='lat' dir='ltr'>ab</span> <span class='ocrx_word' id='word_1_46' title='bbox 1148 1219 1209 1295; x_wconf 90' lang='lat' dir='ltr'>eis,</span> <span class='ocrx_word' id='word_1_47' title='bbox 1225 1238 1304 1301; x_wconf 87' lang='lat' dir='ltr'>quae</span> 
     </span>
     <span class='ocr_line' id='line_1_9' title="bbox 353 1317 1306 1404; baseline -0.006 -18"><span class='ocrx_word' id='word_1_48' title='bbox 353 1323 466 1404; x_wconf 89' lang='lat' dir='ltr'>ipsum</span> <span class='ocrx_word' id='word_1_49' title='bbox 490 1322 602 1403; x_wconf 84' lang='lat' dir='ltr'>magis</span> <span class='ocrx_word' id='word_1_50' title='bbox 629 1320 799 1402; x_wconf 80' lang='lat' dir='ltr'>diligeret.</span> <span class='ocrx_word' id='word_1_51' title='bbox 852 1317 929 1395; x_wconf 88' lang='lat' dir='ltr'>Cui,</span> <span class='ocrx_word' id='word_1_52' title='bbox 956 1337 1034 1382; x_wconf 91' lang='lat' dir='ltr'>eum</span> <span class='ocrx_word' id='word_1_53' title='bbox 1061 1318 1139 1381; x_wconf 83' lang='lat' dir='ltr'>duae</span> <span class='ocrx_word' id='word_1_54' title='bbox 1164 1337 1306 1399; x_wconf 87' lang='lat' dir='ltr'>respon-</span> 
     </span>
     <span class='ocr_line' id='line_1_10' title="bbox 355 1417 1305 1503; baseline -0.004 -19"><span class='ocrx_word' id='word_1_55' title='bbox 355 1422 496 1499; x_wconf 83' lang='lat' dir='ltr'>dissent,</span> <span class='ocrx_word' id='word_1_56' title='bbox 519 1421 611 1503; x_wconf 90' lang='lat' dir='ltr'>quod</span> <span class='ocrx_word' id='word_1_57' title='bbox 635 1420 714 1503; x_wconf 87' lang='lat' dir='ltr'>plus</span> <span class='ocrx_word' id='word_1_58' title='bbox 740 1426 873 1501; x_wconf 87' lang='lat' dir='ltr'>patrem</span> <span class='ocrx_word' id='word_1_59' title='bbox 893 1437 997 1500; x_wconf 90' lang='lat' dir='ltr'>quam</span> <span class='ocrx_word' id='word_1_60' title='bbox 1022 1417 1154 1500; x_wconf 83' lang='lat' dir='ltr'>seipsas</span> <span class='ocrx_word' id='word_1_61' title='bbox 1181 1417 1305 1499; x_wconf 86' lang='lat' dir='ltr'>dilige·</span> 
     </span>
     <span class='ocr_line' id='line_1_11' title="bbox 354 1516 1306 1602; baseline -0.004 -19"><span class='ocrx_word' id='word_1_62' title='bbox 354 1533 445 1598; x_wconf 90' lang='lat' dir='ltr'>rent,</span> <span class='ocrx_word' id='word_1_63' title='bbox 460 1521 575 1596; x_wconf 87' lang='lat' dir='ltr'>tertia,</span> <span class='ocrx_word' id='word_1_64' title='bbox 589 1539 668 1602; x_wconf 85' lang='lat' dir='ltr'>quae</span> <span class='ocrx_word' id='word_1_65' title='bbox 685 1525 769 1582; x_wconf 89' lang='lat' dir='ltr'>natu</span> <span class='ocrx_word' id='word_1_66' title='bbox 785 1519 898 1581; x_wconf 91' lang='lat' dir='ltr'>minor</span> <span class='ocrx_word' id='word_1_67' title='bbox 913 1524 1000 1594; x_wconf 90' lang='lat' dir='ltr'>erat,</span> <span class='ocrx_word' id='word_1_68' title='bbox 1012 1536 1167 1581; x_wconf 81' lang='lat' dir='ltr'>summm</span> <span class='ocrx_word' id='word_1_69' title='bbox 1185 1516 1306 1580; x_wconf 87' lang='lat' dir='ltr'>adula-</span> 
     </span>
     <span class='ocr_line' id='line_1_12' title="bbox 355 1617 1304 1700; baseline -0.005 -16"><span class='ocrx_word' id='word_1_70' title='bbox 355 1621 483 1684; x_wconf 87' lang='lat' dir='ltr'>tionem</span> <span class='ocrx_word' id='word_1_71' title='bbox 498 1618 707 1700; x_wconf 87' lang='lat' dir='ltr'>iutelligens,</span> <span class='ocrx_word' id='word_1_72' title='bbox 725 1617 786 1693; x_wconf 88' lang='lat' dir='ltr'>ait,</span> <span class='ocrx_word' id='word_1_73' title='bbox 802 1617 900 1696; x_wconf 90' lang='lat' dir='ltr'>‘Ego</span> <span class='ocrx_word' id='word_1_74' title='bbox 917 1625 951 1680; x_wconf 85' lang='lat' dir='ltr'>te</span> <span class='ocrx_word' id='word_1_75' title='bbox 965 1634 1101 1698; x_wconf 89' lang='lat' dir='ltr'>semper</span> <span class='ocrx_word' id='word_1_76' title='bbox 1113 1623 1153 1679; x_wconf 89' lang='lat' dir='ltr'>ut</span> <span class='ocrx_word' id='word_1_77' title='bbox 1170 1623 1304 1698; x_wconf 88' lang='lat' dir='ltr'>patrem</span> 
     </span>
     <span class='ocr_line' id='line_1_13' title="bbox 356 1715 1306 1798; baseline -0.001 -17"><span class='ocrx_word' id='word_1_78' title='bbox 356 1718 476 1795; x_wconf 80' lang='lat' dir='ltr'>dilexi,</span> <span class='ocrx_word' id='word_1_79' title='bbox 492 1726 539 1795; x_wconf 88' lang='lat' dir='ltr'>et,</span> <span class='ocrx_word' id='word_1_80' title='bbox 556 1718 587 1780; x_wconf 94' lang='lat' dir='ltr'>si</span> <span class='ocrx_word' id='word_1_81' title='bbox 603 1737 624 1781; x_wconf 89' lang='lat' dir='ltr'>a</span> <span class='ocrx_word' id='word_1_82' title='bbox 639 1736 693 1779; x_wconf 86' lang='lat' dir='ltr'>me</span> <span class='ocrx_word' id='word_1_83' title='bbox 710 1715 788 1798; x_wconf 92' lang='lat' dir='ltr'>plus</span> <span class='ocrx_word' id='word_1_84' title='bbox 803 1725 1010 1798; x_wconf 86' lang='lat' dir='ltr'>extorquere</span> <span class='ocrx_word' id='word_1_85' title='bbox 1025 1715 1213 1792; x_wconf 89' lang='lat' dir='ltr'>desideras,</span> <span class='ocrx_word' id='word_1_86' title='bbox 1228 1716 1306 1780; x_wconf 92' lang='lat' dir='ltr'>dico</span> 
     </span>
     <span class='ocr_line' id='line_1_14' title="bbox 356 1816 1306 1899; baseline -0.002 -18"><span class='ocrx_word' id='word_1_87' title='bbox 356 1818 432 1894; x_wconf 89' lang='lat' dir='ltr'>tibi,</span> <span class='ocrx_word' id='word_1_88' title='bbox 461 1816 623 1899; x_wconf 89' lang='lat' dir='ltr'>quoniam</span> <span class='ocrx_word' id='word_1_89' title='bbox 649 1823 818 1898; x_wconf 90' lang='lat' dir='ltr'>quantum</span> <span class='ocrx_word' id='word_1_90' title='bbox 841 1816 948 1880; x_wconf 89' lang='lat' dir='ltr'>habes</span> <span class='ocrx_word' id='word_1_91' title='bbox 973 1823 1109 1880; x_wconf 90' lang='lat' dir='ltr'>tantum</span> <span class='ocrx_word' id='word_1_92' title='bbox 1137 1816 1243 1890; x_wconf 86' lang='lat' dir='ltr'>vales,</span> <span class='ocrx_word' id='word_1_93' title='bbox 1271 1822 1306 1879; x_wconf 91' lang='lat' dir='ltr'>et</span> 
     </span>
     <span class='ocr_line' id='line_1_15' title="bbox 357 1914 1305 1998; baseline -0.003 -18"><span class='ocrx_word' id='word_1_94' title='bbox 357 1937 422 1998; x_wconf 90' lang='lat' dir='ltr'>ego</span> <span class='ocrx_word' id='word_1_95' title='bbox 439 1924 473 1979; x_wconf 84' lang='lat' dir='ltr'>te</span> <span class='ocrx_word' id='word_1_96' title='bbox 491 1924 625 1980; x_wconf 83' lang='lat' dir='ltr'>tantum</span> <span class='ocrx_word' id='word_1_97' title='bbox 643 1914 773 1996; x_wconf 69' lang='lat' dir='ltr'>diligo!</span> <span class='ocrx_word' id='word_1_98' title='bbox 825 1914 905 1994; x_wconf 86' lang='lat' dir='ltr'>Quo</span> <span class='ocrx_word' id='word_1_99' title='bbox 926 1916 1058 1991; x_wconf 89' lang='lat' dir='ltr'>audito,</span> <span class='ocrx_word' id='word_1_100' title='bbox 1079 1934 1141 1978; x_wconf 80' lang='lat' dir='ltr'>rex</span> <span class='ocrx_word' id='word_1_101' title='bbox 1159 1933 1237 1978; x_wconf 88' lang='lat' dir='ltr'>cum</span> <span class='ocrx_word' id='word_1_102' title='bbox 1251 1915 1305 1978; x_wconf 92' lang='lat' dir='ltr'>in·</span> 
     </span>
     <span class='ocr_line' id='line_1_16' title="bbox 356 2013 1307 2099; baseline 0.001 -21"><span class='ocrx_word' id='word_1_103' title='bbox 356 2015 558 2097; x_wconf 76' lang='lat' dir='ltr'>dignatione</span> <span class='ocrx_word' id='word_1_104' title='bbox 574 2014 761 2099; x_wconf 90' lang='lat' dir='ltr'>respondit,</span> <span class='ocrx_word' id='word_1_105' title='bbox 776 2013 972 2093; x_wconf 85' lang='lat' dir='ltr'>‘Quoniam</span> <span class='ocrx_word' id='word_1_106' title='bbox 987 2015 1023 2078; x_wconf 93' lang='lat' dir='ltr'>in</span> <span class='ocrx_word' id='word_1_107' title='bbox 1038 2022 1173 2078; x_wconf 88' lang='lat' dir='ltr'>tantum</span> <span class='ocrx_word' id='word_1_108' title='bbox 1187 2033 1307 2079; x_wconf 88' lang='lat' dir='ltr'>senec·</span> 
     </span>
     <span class='ocr_line' id='line_1_17' title="bbox 357 2113 1307 2196; baseline 0 -18"><span class='ocrx_word' id='word_1_109' title='bbox 357 2122 466 2179; x_wconf 90' lang='lat' dir='ltr'>tutem</span> <span class='ocrx_word' id='word_1_110' title='bbox 497 2134 608 2180; x_wconf 90' lang='lat' dir='ltr'>meam</span> <span class='ocrx_word' id='word_1_111' title='bbox 643 2115 817 2196; x_wconf 80' lang='lat' dir='ltr'>sprevisti,</span> <span class='ocrx_word' id='word_1_112' title='bbox 845 2122 977 2196; x_wconf 88' lang='lat' dir='ltr'>quanto</span> <span class='ocrx_word' id='word_1_113' title='bbox 1005 2122 1040 2178; x_wconf 92' lang='lat' dir='ltr'>te</span> <span class='ocrx_word' id='word_1_114' title='bbox 1064 2113 1144 2195; x_wconf 89' lang='lat' dir='ltr'>plus</span> <span class='ocrx_word' id='word_1_115' title='bbox 1172 2114 1307 2178; x_wconf 88' lang='lat' dir='ltr'>eaeteris</span> 
     </span>
     <span class='ocr_line' id='line_1_18' title="bbox 358 2212 1308 2296; baseline -0.001 -18"><span class='ocrx_word' id='word_1_116' title='bbox 358 2215 532 2278; x_wconf 83' lang='lat' dir='ltr'>sororibus</span> <span class='ocrx_word' id='word_1_117' title='bbox 558 2214 626 2278; x_wconf 86' lang='lat' dir='ltr'>tuis</span> <span class='ocrx_word' id='word_1_118' title='bbox 652 2213 848 2296; x_wconf 83' lang='lat' dir='ltr'>diligebam,</span> <span class='ocrx_word' id='word_1_119' title='bbox 876 2214 912 2277; x_wconf 92' lang='lat' dir='ltr'>in</span> <span class='ocrx_word' id='word_1_120' title='bbox 942 2221 1077 2276; x_wconf 88' lang='lat' dir='ltr'>tantum</span> <span class='ocrx_word' id='word_1_121' title='bbox 1103 2220 1137 2276; x_wconf 86' lang='lat' dir='ltr'>te</span> <span class='ocrx_word' id='word_1_122' title='bbox 1163 2212 1308 2295; x_wconf 90' lang='lat' dir='ltr'>diligere</span> 
     </span>
     <span class='ocr_line' id='line_1_19' title="bbox 357 2312 1307 2398; baseline 0 -21"><span class='ocrx_word' id='word_1_123' title='bbox 357 2312 581 2396; x_wconf 86' lang='lat' dir='ltr'>dedignabor,</span> <span class='ocrx_word' id='word_1_124' title='bbox 596 2334 674 2398; x_wconf 83' lang='lat' dir='ltr'>quae</span> <span class='ocrx_word' id='word_1_125' title='bbox 691 2333 867 2395; x_wconf 87' lang='lat' dir='ltr'>nunquam</span> <span class='ocrx_word' id='word_1_126' title='bbox 883 2313 920 2376; x_wconf 92' lang='lat' dir='ltr'>in</span> <span class='ocrx_word' id='word_1_127' title='bbox 934 2331 1042 2393; x_wconf 88' lang='lat' dir='ltr'>regno</span> <span class='ocrx_word' id='word_1_128' title='bbox 1060 2331 1136 2376; x_wconf 90' lang='lat' dir='ltr'>meo</span> <span class='ocrx_word' id='word_1_129' title='bbox 1156 2332 1233 2376; x_wconf 89' lang='lat' dir='ltr'>eum</span> <span class='ocrx_word' id='word_1_130' title='bbox 1254 2332 1307 2377; x_wconf 91' lang='lat' dir='ltr'>so-</span> 
     </span>
     <span class='ocr_line' id='line_1_20' title="bbox 357 2410 1309 2495; baseline -0.001 -18"><span class='ocrx_word' id='word_1_131' title='bbox 357 2414 491 2477; x_wconf 86' lang='lat' dir='ltr'>roribus</span> <span class='ocrx_word' id='word_1_132' title='bbox 506 2415 576 2477; x_wconf 84' lang='lat' dir='ltr'>tuis</span> <span class='ocrx_word' id='word_1_133' title='bbox 592 2421 724 2495; x_wconf 88' lang='lat' dir='ltr'>partem</span> <span class='ocrx_word' id='word_1_134' title='bbox 743 2413 896 2476; x_wconf 90' lang='lat' dir='ltr'>habebis.</span> <span class='ocrx_word' id='word_1_135' title='bbox 949 2412 1005 2487; x_wconf 88' lang='lat' dir='ltr'>Et,</span> <span class='ocrx_word' id='word_1_136' title='bbox 1018 2411 1072 2475; x_wconf 92' lang='lat' dir='ltr'>his</span> <span class='ocrx_word' id='word_1_137' title='bbox 1088 2410 1201 2488; x_wconf 88' lang='lat' dir='ltr'>dietis,</span> <span class='ocrx_word' id='word_1_138' title='bbox 1218 2431 1309 2494; x_wconf 86' lang='lat' dir='ltr'>prae·</span> 
     </span>
     <span class='ocr_line' id='line_1_21' title="bbox 357 2509 1309 2594; baseline 0.001 -20"><span class='ocrx_word' id='word_1_139' title='bbox 357 2512 449 2576; x_wconf 82' lang='lat' dir='ltr'>fatas</span> <span class='ocrx_word' id='word_1_140' title='bbox 468 2511 555 2575; x_wconf 90' lang='lat' dir='ltr'>duas</span> <span class='ocrx_word' id='word_1_141' title='bbox 575 2512 710 2594; x_wconf 90' lang='lat' dir='ltr'>puellas</span> <span class='ocrx_word' id='word_1_142' title='bbox 728 2512 873 2575; x_wconf 87' lang='lat' dir='ltr'>ducibus</span> <span class='ocrx_word' id='word_1_143' title='bbox 892 2510 1078 2576; x_wconf 83' lang='lat' dir='ltr'>Cornubiae</span> <span class='ocrx_word' id='word_1_144' title='bbox 1098 2518 1134 2575; x_wconf 88' lang='lat' dir='ltr'>et</span> <span class='ocrx_word' id='word_1_145' title='bbox 1151 2509 1309 2576; x_wconf 71' lang='lat' dir='ltr'>Albania</span> 
     </span>
     <span class='ocr_line' id='line_1_22' title="bbox 359 2610 1310 2693; baseline 0.001 -18"><span class='ocrx_word' id='word_1_146' title='bbox 359 2631 436 2675; x_wconf 92' lang='lat' dir='ltr'>cum</span> <span class='ocrx_word' id='word_1_147' title='bbox 460 2610 573 2674; x_wconf 91' lang='lat' dir='ltr'>divisa</span> <span class='ocrx_word' id='word_1_148' title='bbox 599 2611 782 2675; x_wconf 87' lang='lat' dir='ltr'>Britannia</span> <span class='ocrx_word' id='word_1_149' title='bbox 811 2610 1002 2688; x_wconf 81' lang='lat' dir='ltr'>maritavit,</span> <span class='ocrx_word' id='word_1_150' title='bbox 1027 2611 1078 2675; x_wconf 90' lang='lat' dir='ltr'>ita</span> <span class='ocrx_word' id='word_1_151' title='bbox 1106 2611 1243 2693; x_wconf 93' lang='lat' dir='ltr'>quidem</span> <span class='ocrx_word' id='word_1_152' title='bbox 1271 2616 1310 2676; x_wconf 92' lang='lat' dir='ltr'>ut</span> 
     </span>
     <span class='ocr_line' id='line_1_23' title="bbox 358 2708 1310 2793; baseline 0 -19"><span class='ocrx_word' id='word_1_153' title='bbox 358 2718 599 2792; x_wconf 90' lang='lat' dir='ltr'>postmortem</span> <span class='ocrx_word' id='word_1_154' title='bbox 622 2710 697 2793; x_wconf 88' lang='lat' dir='ltr'>ejus</span> <span class='ocrx_word' id='word_1_155' title='bbox 720 2708 827 2774; x_wconf 88' lang='lat' dir='ltr'>totius</span> <span class='ocrx_word' id='word_1_156' title='bbox 849 2709 972 2774; x_wconf 84' lang='lat' dir='ltr'>insulae</span> <span class='ocrx_word' id='word_1_157' title='bbox 989 2710 1140 2774; x_wconf 89' lang='lat' dir='ltr'>dominio</span> <span class='ocrx_word' id='word_1_158' title='bbox 1154 2711 1310 2774; x_wconf 86' lang='lat' dir='ltr'>frueren-</span> 
     </span>
     <span class='ocr_line' id='line_1_24' title="bbox 359 2808 1309 2893; baseline 0.001 -21"><span class='ocrx_word' id='word_1_159' title='bbox 359 2818 427 2872; x_wconf 89' lang='lat' dir='ltr'>tur.</span> <span class='ocrx_word' id='word_1_160' title='bbox 480 2809 634 2872; x_wconf 87' lang='lat' dir='ltr'>Tandem</span> <span class='ocrx_word' id='word_1_161' title='bbox 658 2829 737 2873; x_wconf 89' lang='lat' dir='ltr'>oum</span> <span class='ocrx_word' id='word_1_162' title='bbox 756 2809 861 2893; x_wconf 89' lang='lat' dir='ltr'>hujus</span> <span class='ocrx_word' id='word_1_163' title='bbox 883 2809 966 2873; x_wconf 88' lang='lat' dir='ltr'>sacti</span> <span class='ocrx_word' id='word_1_164' title='bbox 984 2808 1077 2872; x_wconf 88' lang='lat' dir='ltr'>fama</span> <span class='ocrx_word' id='word_1_165' title='bbox 1093 2810 1136 2874; x_wconf 87' lang='lat' dir='ltr'>ad</span> <span class='ocrx_word' id='word_1_166' title='bbox 1152 2809 1309 2893; x_wconf 87' lang='lat' dir='ltr'>Aganip·</span> 
     </span>
     <span class='ocr_line' id='line_1_25' title="bbox 359 2909 1309 2991; baseline 0.003 -20"><span class='ocrx_word' id='word_1_167' title='bbox 359 2928 453 2990; x_wconf 90' lang='lat' dir='ltr'>pum,</span> <span class='ocrx_word' id='word_1_168' title='bbox 462 2928 578 2990; x_wconf 89' lang='lat' dir='ltr'>regem</span> <span class='ocrx_word' id='word_1_169' title='bbox 593 2910 816 2986; x_wconf 87' lang='lat' dir='ltr'>Francorum,</span> <span class='ocrx_word' id='word_1_170' title='bbox 829 2909 1054 2991; x_wconf 87' lang='lat' dir='ltr'>pervenisset,</span> <span class='ocrx_word' id='word_1_171' title='bbox 1065 2909 1159 2973; x_wconf 90' lang='lat' dir='ltr'>misit</span> <span class='ocrx_word' id='word_1_172' title='bbox 1170 2911 1309 2975; x_wconf 90' lang='lat' dir='ltr'>nuntios</span> 
     </span>
     <span class='ocr_line' id='line_1_26' title="bbox 360 3007 1309 3093; baseline 0.002 -23"><span class='ocrx_word' id='word_1_173' title='bbox 360 3007 404 3070; x_wconf 89' lang='lat' dir='ltr'>ad</span> <span class='ocrx_word' id='word_1_174' title='bbox 422 3026 538 3088; x_wconf 86' lang='lat' dir='ltr'>regem</span> <span class='ocrx_word' id='word_1_175' title='bbox 552 3008 748 3089; x_wconf 71' lang='lat' dir='ltr'>praefatum,</span> <span class='ocrx_word' id='word_1_176' title='bbox 761 3027 889 3089; x_wconf 88' lang='lat' dir='ltr'>rogans</span> <span class='ocrx_word' id='word_1_177' title='bbox 904 3016 944 3072; x_wconf 90' lang='lat' dir='ltr'>ut</span> <span class='ocrx_word' id='word_1_178' title='bbox 960 3007 1066 3071; x_wconf 89' lang='lat' dir='ltr'>filiam</span> <span class='ocrx_word' id='word_1_179' title='bbox 1081 3027 1178 3072; x_wconf 88' lang='lat' dir='ltr'>suam</span> <span class='ocrx_word' id='word_1_180' title='bbox 1191 3009 1309 3093; x_wconf 87' lang='lat' dir='ltr'>junio-</span> 
     </span>
     <span class='ocr_line' id='line_1_27' title="bbox 359 3107 1309 3189; baseline 0.005 -20"><span class='ocrx_word' id='word_1_181' title='bbox 359 3126 444 3183; x_wconf 87' lang='lat' dir='ltr'>rem,</span> <span class='ocrx_word' id='word_1_182' title='bbox 466 3107 603 3170; x_wconf 92' lang='lat' dir='ltr'>nomine</span> <span class='ocrx_word' id='word_1_183' title='bbox 628 3107 848 3183; x_wconf 90' lang='lat' dir='ltr'>Cordeillam,</span> <span class='ocrx_word' id='word_1_184' title='bbox 870 3108 1133 3184; x_wconf 85' lang='lat' dir='ltr'>transmitteret,</span> <span class='ocrx_word' id='word_1_185' title='bbox 1155 3109 1309 3189; x_wconf 88' lang='lat' dir='ltr'>legitimo</span> 
     </span>
     <span class='ocr_line' id='line_1_28' title="bbox 359 3207 1310 3289; baseline 0.002 -19"><span class='ocrx_word' id='word_1_186' title='bbox 359 3207 424 3270; x_wconf 92' lang='lat' dir='ltr'>sibi</span> <span class='ocrx_word' id='word_1_187' title='bbox 439 3207 657 3270; x_wconf 87' lang='lat' dir='ltr'>matrimonio</span> <span class='ocrx_word' id='word_1_188' title='bbox 672 3207 911 3288; x_wconf 86' lang='lat' dir='ltr'>copulandam.</span> <span class='ocrx_word' id='word_1_189' title='bbox 957 3207 1024 3270; x_wconf 88' lang='lat' dir='ltr'>Sed</span> <span class='ocrx_word' id='word_1_190' title='bbox 1039 3224 1101 3270; x_wconf 84' lang='lat' dir='ltr'>rex</span> <span class='ocrx_word' id='word_1_191' title='bbox 1115 3207 1150 3269; x_wconf 89' lang='lat' dir='ltr'>in</span> <span class='ocrx_word' id='word_1_192' title='bbox 1168 3208 1310 3289; x_wconf 85' lang='lat' dir='ltr'>praedie-</span> 
     </span>
     <span class='ocr_line' id='line_1_29' title="bbox 360 3305 1312 3389; baseline 0.004 -21"><span class='ocrx_word' id='word_1_193' title='bbox 360 3312 432 3369; x_wconf 90' lang='lat' dir='ltr'>tam</span> <span class='ocrx_word' id='word_1_194' title='bbox 446 3307 559 3370; x_wconf 89' lang='lat' dir='ltr'>adhue</span> <span class='ocrx_word' id='word_1_195' title='bbox 572 3325 798 3389; x_wconf 88' lang='lat' dir='ltr'>perseverans</span> <span class='ocrx_word' id='word_1_196' title='bbox 812 3307 876 3383; x_wconf 90' lang='lat' dir='ltr'>ira,</span> <span class='ocrx_word' id='word_1_197' title='bbox 888 3305 982 3371; x_wconf 91' lang='lat' dir='ltr'>misit</span> <span class='ocrx_word' id='word_1_198' title='bbox 992 3307 1098 3370; x_wconf 88' lang='lat' dir='ltr'>filiam</span> <span class='ocrx_word' id='word_1_199' title='bbox 1115 3325 1213 3369; x_wconf 90' lang='lat' dir='ltr'>suam</span> <span class='ocrx_word' id='word_1_200' title='bbox 1229 3328 1312 3372; x_wconf 91' lang='lat' dir='ltr'>eon·</span> 
     </span>
     <span class='ocr_line' id='line_1_30' title="bbox 361 3406 1383 3490; baseline 0.007 -23"><span class='ocrx_word' id='word_1_201' title='bbox 361 3406 457 3469; x_wconf 85' lang='lat' dir='ltr'>tinuo</span> <span class='ocrx_word' id='word_1_202' title='bbox 480 3406 611 3489; x_wconf 88' lang='lat' dir='ltr'>absque</span> <span class='ocrx_word' id='word_1_203' title='bbox 633 3414 738 3483; x_wconf 90' lang='lat' dir='ltr'>terra,</span> <span class='ocrx_word' id='word_1_204' title='bbox 761 3426 846 3470; x_wconf 90' lang='lat' dir='ltr'>auro</span> <span class='ocrx_word' id='word_1_205' title='bbox 870 3414 906 3470; x_wconf 90' lang='lat' dir='ltr'>et</span> <span class='ocrx_word' id='word_1_206' title='bbox 928 3414 1085 3488; x_wconf 87' lang='lat' dir='ltr'>argento,</span> <span class='ocrx_word' id='word_1_207' title='bbox 1108 3414 1213 3490; x_wconf 86' lang='lat' dir='ltr'>atque</span> <span class='ocrx_word' id='word_1_208' title='bbox 1236 3409 1310 3473; x_wconf 92' lang='lat' dir='ltr'>siue</span> <span class='ocrx_word' id='word_1_209' title='bbox 1379 3468 1383 3474; x_wconf 92' lang='lat'>.</span> 
     </span>
     <span class='ocr_line' id='line_1_31' title="bbox 361 3505 1310 3588; baseline 0.005 -22"><span class='ocrx_word' id='word_1_210' title='bbox 361 3506 453 3567; x_wconf 90' lang='lat' dir='ltr'>omui</span> <span class='ocrx_word' id='word_1_211' title='bbox 480 3505 674 3569; x_wconf 83' lang='lat' dir='ltr'>substantia</span> <span class='ocrx_word' id='word_1_212' title='bbox 702 3507 952 3582; x_wconf 70' lang='lat' dir='ltr'>maritandam</span> <span class='ocrx_word' id='word_1_213' title='bbox 980 3525 1083 3588; x_wconf 87' lang='lat' dir='ltr'>quam</span> <span class='ocrx_word' id='word_1_214' title='bbox 1110 3526 1173 3570; x_wconf 84' lang='lat' dir='ltr'>rex</span> <span class='ocrx_word' id='word_1_215' title='bbox 1199 3507 1310 3571; x_wconf 88' lang='lat' dir='ltr'>Fran·</span> 
     </span>
     <span class='ocr_line' id='line_1_32' title="bbox 361 3603 1309 3688; baseline 0.006 -22"><span class='ocrx_word' id='word_1_216' title='bbox 361 3622 478 3666; x_wconf 90' lang='lat' dir='ltr'>corum</span> <span class='ocrx_word' id='word_1_217' title='bbox 499 3603 715 3683; x_wconf 82' lang='lat' dir='ltr'>gratulanter</span> <span class='ocrx_word' id='word_1_218' title='bbox 734 3606 937 3688; x_wconf 88' lang='lat' dir='ltr'>suscipiens,</span> <span class='ocrx_word' id='word_1_219' title='bbox 960 3604 996 3666; x_wconf 92' lang='lat' dir='ltr'>in</span> <span class='ocrx_word' id='word_1_220' title='bbox 1018 3606 1219 3669; x_wconf 88' lang='lat' dir='ltr'>societatem</span> <span class='ocrx_word' id='word_1_221' title='bbox 1243 3609 1309 3672; x_wconf 91' lang='lat' dir='ltr'>tori</span> 
     </span>
     <span class='ocr_line' id='line_1_33' title="bbox 360 3700 1310 3787; baseline 0.011 -25"><span class='ocrx_word' id='word_1_222' title='bbox 360 3700 456 3763; x_wconf 89' lang='lat' dir='ltr'>illam</span> <span class='ocrx_word' id='word_1_223' title='bbox 480 3700 619 3765; x_wconf 90' lang='lat' dir='ltr'>admisit</span> <span class='ocrx_word' id='word_1_224' title='bbox 641 3710 676 3766; x_wconf 91' lang='lat' dir='ltr'>et</span> <span class='ocrx_word' id='word_1_225' title='bbox 697 3704 741 3767; x_wconf 91' lang='lat' dir='ltr'>ob</span> <span class='ocrx_word' id='word_1_226' title='bbox 764 3705 904 3768; x_wconf 90' lang='lat' dir='ltr'>nimiam</span> <span class='ocrx_word' id='word_1_227' title='bbox 923 3703 998 3787; x_wconf 89' lang='lat' dir='ltr'>ejus</span> <span class='ocrx_word' id='word_1_228' title='bbox 1021 3702 1310 3785; x_wconf 89' lang='lat' dir='ltr'>pulchritudinem</span> 
     </span>
     <span class='ocr_line' id='line_1_34' title="bbox 360 3800 1311 3887; baseline 0.012 -26"><span class='ocrx_word' id='word_1_229' title='bbox 360 3807 400 3863; x_wconf 91' lang='lat' dir='ltr'>ut</span> <span class='ocrx_word' id='word_1_230' title='bbox 432 3800 587 3881; x_wconf 88' lang='lat' dir='ltr'>reginam</span> <span class='ocrx_word' id='word_1_231' title='bbox 620 3801 814 3867; x_wconf 90' lang='lat' dir='ltr'>honoravit.</span> <span class='ocrx_word' id='word_1_232' title='bbox 882 3803 949 3867; x_wconf 93' lang='lat' dir='ltr'>Sed</span> <span class='ocrx_word' id='word_1_233' title='bbox 987 3822 1056 3866; x_wconf 90' lang='lat' dir='ltr'>non</span> <span class='ocrx_word' id='word_1_234' title='bbox 1088 3802 1196 3866; x_wconf 90' lang='lat' dir='ltr'>multo</span> <span class='ocrx_word' id='word_1_235' title='bbox 1231 3816 1311 3887; x_wconf 91' lang='lat' dir='ltr'>post</span> 
     </span>
     <span class='ocr_line' id='line_1_35' title="bbox 360 3901 1311 3987; baseline 0.009 -26"><span class='ocrx_word' id='word_1_236' title='bbox 360 3905 514 3981; x_wconf 86' lang='lat' dir='ltr'>tempore</span> <span class='ocrx_word' id='word_1_237' title='bbox 540 3901 645 3965; x_wconf 92' lang='lat' dir='ltr'>duces</span> <span class='ocrx_word' id='word_1_238' title='bbox 670 3903 826 3984; x_wconf 90' lang='lat' dir='ltr'>praedieti</span> <span class='ocrx_word' id='word_1_239' title='bbox 852 3903 1116 3967; x_wconf 83' lang='lat' dir='ltr'>insurrexerunt</span> <span class='ocrx_word' id='word_1_240' title='bbox 1136 3903 1171 3965; x_wconf 93' lang='lat' dir='ltr'>in</span> <span class='ocrx_word' id='word_1_241' title='bbox 1195 3925 1311 3987; x_wconf 86' lang='lat' dir='ltr'>regem</span> 
     </span>
     <span class='ocr_line' id='line_1_36' title="bbox 361 3997 1309 4087; baseline 0.008 -26"><span class='ocrx_word' id='word_1_242' title='bbox 361 3997 442 4062; x_wconf 90' lang='lat' dir='ltr'>Leir</span> <span class='ocrx_word' id='word_1_243' title='bbox 458 4008 493 4064; x_wconf 89' lang='lat' dir='ltr'>et</span> <span class='ocrx_word' id='word_1_244' title='bbox 510 4001 727 4066; x_wconf 88' lang='lat' dir='ltr'>abstulerunt</span> <span class='ocrx_word' id='word_1_245' title='bbox 742 4003 772 4066; x_wconf 91' lang='lat' dir='ltr'>ei</span> <span class='ocrx_word' id='word_1_246' title='bbox 793 4021 937 4083; x_wconf 91' lang='lat' dir='ltr'>reguum</span> <span class='ocrx_word' id='word_1_247' title='bbox 960 4010 995 4066; x_wconf 89' lang='lat' dir='ltr'>et</span> <span class='ocrx_word' id='word_1_248' title='bbox 1010 4004 1141 4085; x_wconf 86' lang='lat' dir='ltr'>regiam</span> <span class='ocrx_word' id='word_1_249' title='bbox 1158 4005 1309 4087; x_wconf 86' lang='lat' dir='ltr'>dignita·</span> 
     </span>
     <span class='ocr_line' id='line_1_37' title="bbox 359 4100 1310 4184; baseline 0.009 -23"><span class='ocrx_word' id='word_1_250' title='bbox 359 4105 440 4164; x_wconf 90' lang='lat' dir='ltr'>tem.</span> <span class='ocrx_word' id='word_1_251' title='bbox 493 4100 573 4165; x_wconf 87' lang='lat' dir='ltr'>Rex</span> <span class='ocrx_word' id='word_1_252' title='bbox 601 4102 720 4183; x_wconf 84' lang='lat' dir='ltr'>igitur,</span> <span class='ocrx_word' id='word_1_253' title='bbox 747 4101 890 4182; x_wconf 87' lang='lat' dir='ltr'>ignarus</span> <span class='ocrx_word' id='word_1_254' title='bbox 914 4103 997 4184; x_wconf 92' lang='lat' dir='ltr'>quid</span> <span class='ocrx_word' id='word_1_255' title='bbox 1023 4113 1154 4184; x_wconf 86' lang='lat' dir='ltr'>ageret,</span> <span class='ocrx_word' id='word_1_256' title='bbox 1182 4105 1310 4169; x_wconf 88' lang='lat' dir='ltr'>delibe-</span> 
     </span>
     <span class='ocr_line' id='line_1_38' title="bbox 359 4200 1312 4284; baseline 0.01 -24"><span class='ocrx_word' id='word_1_257' title='bbox 359 4200 450 4264; x_wconf 88' lang='lat' dir='ltr'>ravit</span> <span class='ocrx_word' id='word_1_258' title='bbox 470 4201 567 4265; x_wconf 87' lang='lat' dir='ltr'>adire</span> <span class='ocrx_word' id='word_1_259' title='bbox 588 4200 678 4264; x_wconf 83' lang='lat' dir='ltr'>filias</span> <span class='ocrx_word' id='word_1_260' title='bbox 703 4219 797 4278; x_wconf 87' lang='lat' dir='ltr'>suas,</span> <span class='ocrx_word' id='word_1_261' title='bbox 818 4202 944 4284; x_wconf 88' lang='lat' dir='ltr'>quibus</span> <span class='ocrx_word' id='word_1_262' title='bbox 967 4221 1112 4283; x_wconf 85' lang='lat' dir='ltr'>regnum</span> <span class='ocrx_word' id='word_1_263' title='bbox 1135 4203 1312 4282; x_wconf 89' lang='lat' dir='ltr'>diviserat,</span> 
     </span>
    </p>
   </div>
   <div class='ocr_carea' id='block_1_6' title="bbox 0 0 1518 5004">
    <p class='ocr_par' dir='ltr' id='par_1_6' title="bbox 0 0 1518 5004">
     <span class='ocr_line' id='line_1_39' title="bbox 0 0 1518 5004; baseline 0 0"><span class='ocrx_word' id='word_1_264' title='bbox 0 0 1518 5004; x_wconf 95' lang='lat' dir='ltr'> </span> 
     </span>
    </p>
   </div>
  </div>
 </body>
</html>
