3000 5004
464 431 604 480 enonas
629 433 900 483 nrsroumnuu.
1092 419 1156 484 151

204 596 239 651 et
255 595 450 670 magnates,
467 609 555 673 qnos
568 590 694 655 habere
716 592 841 673 potuit,
859 592 1043 656 convocari
1064 612 1155 675 prae-

205 688 310 771 cepit,
336 697 372 753 et
399 709 470 753 rem
494 710 555 772 per
579 690 731 755 ordinem
755 692 906 756 reserens
924 692 1074 774 qualiter
1095 712 1154 757 co·

204 788 323 851 lumna
353 789 440 853 lucis
470 790 604 855 caelitus
641 811 745 873 super
779 799 976 855 sanctorum
1006 812 1153 874 corpora

204 889 331 951 emissa
357 888 593 954 descenderat.
639 890 931 974 Archiepiseopus
953 891 1154 956 deditcon-

202 988 330 1066 silium,
347 996 388 1052 ut
402 1009 549 1073 corpora
570 989 791 1054 innocentum
811 991 856 1054 ad
878 990 1058 1055 ecclesiam
1080 1011 1153 1056 me·

204 1089 450 1171 tropolitanam
472 1095 706 1173 portarentur,
723 1099 759 1155 et
775 1090 824 1154 ibi
844 1091 1032 1172 sepulturae
1056 1110 1153 1156 more

203 1189 299 1269 regio
325 1188 561 1269 traderentur;
588 1197 623 1253 et
646 1190 748 1253 simul
771 1188 815 1252 ad
834 1190 948 1254 locum
963 1191 1152 1268 venientes,

203 1288 268 1349 sub
296 1289 388 1370 regis
412 1289 579 1353 cathedra
604 1297 744 1353 sanctas
765 1289 928 1370 reliquias
954 1288 1153 1353 indecenter

203 1388 335 1468 positas
358 1396 569 1470 repererunt.
631 1386 851 1452 Gerebantur
873 1396 989 1453 autem
1018 1388 1094 1451 haec
1114 1389 1150 1451 in

203 1487 287 1550 villa
311 1489 421 1569 rogia,
446 1508 524 1571 quae
543 1488 702 1551 Eastreia
726 1487 916 1553 dicebatur.
961 1487 1285 1561 Collocatisenaa„

201 1586 309 1667 igitur
321 1595 519 1652 sanctorum
538 1588 705 1670 reliqniis,
721 1595 761 1651 ut
776 1587 931 1664 decebat,
946 1587 990 1652 ad
1009 1595 1151 1670 portun-
1163 1561 1268 1603 “m

202 1685 282 1749 dum
297 1687 332 1750 in
350 1688 497 1764 feretris,
510 1688 617 1772 jussit
637 1686 916 1770 archiepiscopus
930 1694 970 1750 ut
983 1687 1027 1750 ad
1042 1687 1152 1751 eccle·

201 1787 289 1849 siam
311 1787 442 1851 Christi
467 1787 666 1853 Cantharioe
690 1794 924 1870 portarentur,
948 1787 1008 1851 sed
1036 1787 1072 1850 in
1088 1806 1151 1851 va-

203 1906 297 1964 num,
327 1887 409 1970 quia
436 1886 479 1951 de
508 1889 585 1951 loco
614 1887 745 1951 moveri
775 1905 844 1951 non
874 1894 1047 1970 poterant,
1072 1885 1152 1951 licet

202 1987 311 2050 multo
331 1987 511 2051 conamine
531 1985 770 2065 adtentarent3
792 1994 928 2050 mutato
940 1987 1057 2068 itaque
1071 2005 1153 2049 con·

201 2086 291 2164 silio,
306 2095 345 2152 ut
361 2087 405 2151 ad
428 2087 521 2151 beati
538 2086 728 2168 Augustini
742 2086 949 2151 veherentur
961 2085 1153 2162 basilicam,

203 2187 287 2250 nihil
319 2187 477 2252 similiter
504 2186 735 2269 proiecerunt.
785 2186 942 2250 Tandem
974 2185 1152 2268 provisum

201 2295 267 2362 est,
283 2294 323 2350 ut
346 2294 569 2370 portarentur
592 2286 636 2350 ad
653 2280 884 2350 ¹Weerinense
904 2285 1152 2350 monasterium

200 2385 479 2464 famosissimum,
510 2386 581 2469 qui,
608 2393 743 2450 mutato
771 2385 963 2468 proposito,
993 2385 1153 2449 vehicula

202 2487 288 2551 adeo
304 2487 373 2552 levi
386 2487 566 2551 conamine
579 2486 810 2549 sublevabant
821 2503 862 2548 ac
885 2485 915 2548 si
936 2484 1021 2548 nihil
1037 2486 1152 2549 oneris

201 2586 416 2663 habuissent,
441 2606 511 2669 quo
537 2605 616 2650 cnm
647 2585 897 2668 pervenissent,
920 2583 1077 2667 exequiis
1108 2585 1152 2649 ab

202 2686 460 2769 archiepiscopo
489 2686 555 2748 rite
582 2685 745 2768 peractis,
777 2692 976 2748 sanctorum
1005 2704 1152 2766 corpora

197 2785 306 2870 juxta
329 2786 443 2869 majus
472 2785 583 2849 altare
607 2785 749 2849 tradunt
782 2784 989 2867 sepulturae3
1024 2803 1094 2867 quo
1116 2784 1152 2847 in

203 2880 280 2950 loch
300 2885 344 2949 ad
364 2885 501 2950 landem
526 2884 594 2948 Dei
607 2891 644 2948 et
660 2904 778 2948 eorum
794 2884 941 2965 gloriam
956 2884 1067 2947 multa
1088 2884 1152 2946 mi·

200 2985 397 3050 raculorum
426 2985 577 3066 insignia
608 2991 773 3066 operatur
802 2984 920 3048 divina
956 2983 1151 3047 clementia.

204 3084 362 3167 Contigit
385 3105 426 3150 eo
452 3091 619 3166 tempore,
646 3103 746 3148 soror
776 3083 870 3165 regis
897 3077 1152 3162 ²Ermenhurga

202 3193 242 3249 ut
265 3184 407 3248 dimisso
428 3185 553 3248 marito
579 3203 656 3261 suo,
679 3181 810 3246 Pendae
831 3183 924 3264 regis
942 3181 1152 3245 Merciorum

204 3284 288 3361 filio,
313 3284 390 3368 ejus
414 3304 492 3349 cum
516 3303 687 3347 consensu
710 3289 842 3346 castam
865 3282 1008 3364 eligeret
1027 3280 1153 3345 ducere

202 3385 333 3463 vitam3
368 3404 447 3467 quae
476 3402 554 3447 cnm
585 3383 717 3447 samilia
748 3400 812 3444 sua
843 3380 886 3443 ad
920 3381 1060 3445 fratrem
1092 3400 1152 3445 ve-

201 3485 321 3561 nisset,
345 3492 381 3548 et
402 3503 503 3547 suum
526 3483 742 3566 propositum
765 3481 797 3544 ei
820 3481 1019 3558 indicasset,
1040 3474 1153 3545 ³dedit

238 3677 247 3710 ¹
262 3677 413 3729 Woerimae
421 3671 614 3744 monsterium]
633 3677 664 3725 In
724 3669 941 3739 'ErmnhurguJ
955 3673 1155 3735 Eormenburga,

204 3749 338 3812 Onpgrnre
349 3750 369 3796 it
381 3750 403 3796 is
413 3746 496 3797 called
508 3747 664 3808 walterius:
689 3761 718 3795 or
740 3746 881 3805 Domum,
904 3743 1040 3805 according
1065 3748 1091 3792 to
1115 3744 1155 3793 si·

202 3821 229 3869 in
241 3821 350 3880 Simeon,
361 3816 600 3878 Wacrinense,who
611 3817 666 3865 ulto
690 3830 772 3873 meon,
792 3815 850 3863 who
867 3818 945 3863 stema
963 3813 1019 3862 thet
1034 3812 1080 3862 she
1099 3828 1155 3863 was

204 3890 299 3952 speaks
309 3889 338 3938 ot
352 3889 373 3936 it
389 3901 419 3936 as
435 3881 666 3936 ‘famosissimum’
691 3890 747 3936 sent
758 3886 797 3935 lor
809 3886 843 3946 by
854 3883 991 3946 Ecgberht.

202 3961 256 4009 'l'he
267 3960 378 4009 remeius
387 3957 417 4006 oi
424 3956 467 4006 the
476 3957 590 4006 brothers
598 3971 667 4005 were
726 3953 826 4004 ⁸Dedit
845 3954 884 4003 illi
903 3952 1001 4016 locum]
1024 3952 1063 4001 As
1079 3952 1156 4001 much

203 4031 288 4092 finally
300 4027 418 4078 removed
429 4032 455 4075 to
465 4027 577 4088 Ramsey
585 4027 668 4088 abbey
692 4040 721 4074 as
732 4040 748 4074 a
759 4030 816 4087 stag
827 4024 902 4073 could
913 4023 994 4072 travel
1005 4037 1064 4070 over
1071 4023 1097 4069 in
1108 4037 1156 4071 one

203 4096 667 4159 inthetimeoiEadgar‚by0swnld
692 4095 753 4156 day.
790 4095 897 4142 Minotre
914 4093 939 4140 in
949 4092 1048 4140 lbanet
1060 4092 1082 4139 is
1094 4104 1157 4151 sup-

203 4170 355 4230 archbisbop
391 4167 421 4217 oi
445 4168 591 4216 Worceoter
617 4167 668 4215 and
693 4166 772 4227 posed
795 4169 821 4212 to
844 4163 908 4212 have
931 4163 993 4211 been
1015 4161 1058 4209 the
1075 4161 1157 4222 abbey

204 4241 284 4291 Yorlr.
321 4235 535 4302 Mammea
694 4234 815 4296 founded,
840 4248 900 4283 over
916 4231 1001 4281 which
1025 4231 1158 4281 Domneua
