3000 5004
346 451 412 517 172
602 466 737 515 nodum
762 467 808 514 nn
831 461 1038 514 wnunovmr

347 624 545 703 Herteseie,
559 633 595 689 et
609 632 690 708 post
706 624 742 688 in
762 623 973 687 monasterio
990 620 1212 686 Streneshale
1235 640 1300 704 ap-

346 725 489 808 pellato,
511 725 603 806 quod
625 725 703 807 ipsa
728 723 947 799 fundaverat,
969 722 1027 785 ubi
1049 721 1194 784 clericos
1215 738 1300 784 suos

347 823 435 888 adeo
461 824 613 887 moribus
637 823 880 887 ecclesiasticis
901 820 1107 897 instruebat,
1136 829 1176 884 ut
1197 821 1300 902 quin-

347 942 415 1005 que
436 941 480 984 ex
499 923 550 985 eis
572 923 616 986 ad
644 921 874 1004 episcopalem
899 920 1126 984 ascenderent
1145 919 1299 1001 dignita·

348 1030 430 1097 tem,
462 1022 558 1085 Bosa
588 1020 750 1086 videlicet
781 1027 816 1084 et
845 1018 1028 1083 Wiliridus
1057 1019 1095 1082 in
1126 1018 1299 1096 Eboraco,

349 1120 477 1185 liedda
499 1121 536 1184 in
558 1120 704 1184 eeclesia
726 1118 1027 1194 Dorkacestrensi,
1052 1117 1234 1182 lohannes
1261 1118 1300 1180 in

349 1219 638 1300 Hagustaldensi,
674 1217 817 1283 Ostiord
850 1219 888 1281 in
928 1218 1108 1300 provincia
1143 1216 1301 1302 Wiccio-

348 1338 439 1396 rum,
459 1319 516 1384 cui
544 1327 627 1382 tunc
657 1317 796 1399 praefuit
822 1336 886 1380 rex
915 1317 1078 1396 Osricus;
1108 1314 1299 1379 Tadfridus

348 1419 453 1481 etiam
467 1418 511 1481 de
533 1417 608 1502 ejus
627 1417 838 1480 monasterio
851 1416 982 1479 electus
1004 1421 1070 1491 est,
1082 1414 1144 1477 sed
1161 1421 1300 1478 matura

349 1526 460 1580 morte
483 1523 694 1599 praeventus.
744 1515 890 1580 Viderat
913 1533 1050 1596 quoque
1072 1519 1186 1577 mater
1205 1514 1301 1597 ejus-

349 1615 427 1679 dem
460 1617 644 1691 somnium,
675 1614 766 1697 quod
799 1613 962 1678 videlicet
993 1631 1151 1694 quaerens
1185 1613 1299 1676 virum

350 1733 451 1776 suum
477 1733 546 1776 non
573 1715 755 1790 inveniret,
780 1713 841 1778 sed
869 1714 933 1776 sub
956 1720 1053 1777 veste
1081 1729 1146 1774 sua
1168 1711 1298 1775 monile

349 1813 539 1894 pretiosum
568 1812 724 1889 invenit·
738 1813 831 1893 quod
852 1832 972 1876 omnes
997 1811 1083 1874 fines
1106 1809 1301 1874 Britanniae

349 1911 557 1975 illustrabat.
611 1910 720 1975 Hilda
737 1911 876 1975 tandem
892 1910 1110 1974 sanctissima
1128 1909 1299 1992 languens

350 2010 451 2073 annis
476 2029 552 2087 sex,
577 2018 617 2074 ut
641 2011 756 2073 anima
778 2011 853 2095 ejus
874 2011 981 2091 longa
1002 2003 1117 2072 carnis
1138 2008 1300 2073 molestia

351 2110 608 2173 examinaretur
629 2117 665 2173 et
689 2110 801 2174 virtus
828 2111 864 2173 in
893 2109 1092 2172 infirmitate
1117 2107 1302 2190 perficere-

351 2217 420 2285 tur,
436 2228 528 2274 anno
546 2208 691 2273 febrium
712 2209 860 2291 septimo
879 2207 922 2271 de
944 2215 1054 2272 morte
1074 2208 1237 2270 transivit
1253 2207 1299 2270 ed

350 2309 480 2390 vitam3
516 2309 553 2371 in
583 2309 660 2390 ipsa
690 2314 805 2372 autem
830 2307 928 2383 hora,
950 2326 1021 2389 qua
1045 2305 1204 2382 decessit,
1226 2324 1301 2370 mo-

352 2408 455 2472 nialis
478 2408 638 2490 quaedam
666 2407 814 2470 animam
837 2406 912 2490 ejus
933 2405 1019 2470 vidit
1041 2407 1085 2469 ab
1107 2404 1241 2486 angelis
1263 2405 1301 2469 in

351 2507 475 2569 caelum
497 2505 633 2581 deferri,
654 2505 713 2568 ubi
734 2525 812 2570 cum
828 2505 967 2569 Christo
993 2504 1130 2586 gaudiis
1154 2504 1302 2588 perfrui·

351 2611 409 2668 tur
423 2605 651 2685 sempiternis.
1092 2610 1098 2622 '

404 2698 551 2767 ¹E0dem
579 2722 672 2766 anno
700 2702 917 2780 Theodorum
950 2703 1211 2768 Cautuariensis
1247 2722 1302 2767 ar-

351 2802 603 2884 chiepiscopus,
625 2803 806 2865 concilium
829 2804 1055 2884 congregavit
1073 2802 1109 2866 in
1132 2802 1222 2880 loco,
1239 2802 1301 2884 qui

352 2899 578 2966 ‘Hathselde’
607 2901 815 2984 appellatur,
838 2922 931 2966 anno
958 2903 1055 2983 regni
1081 2902 1172 2983 regis
1206 2901 1301 2965 Mer·

351 3001 504 3066 censium
543 3000 725 3065 Athelredi
763 3009 877 3078 sexto,
915 3008 1081 3081 regnante
1118 3001 1156 3064 in
1193 3020 1302 3082 regno

351 3101 568 3165 orientalium
585 3098 780 3180 Anglorum
803 3100 974 3176 Eadwlso,
997 3100 1058 3183 qui
1078 3107 1160 3182 post
1177 3099 1302 3165 Athel-

352 3201 503 3264 woldum
538 3199 711 3282 regnavit.
741 3200 967 3281 regnantibus
996 3199 1101 3263 etiam
1139 3200 1174 3262 in
1208 3197 1305 3264 Nor-

353 3299 597 3364 thanhumbria
639 3297 782 3379 Egirido
817 3306 853 3362 et
886 3300 921 3363 in
959 3317 1067 3379 regno
1103 3298 1303 3363 occidenta-

352 3398 437 3462 lium
467 3399 644 3463 Saxonum
669 3397 870 3474 Keutwino,
900 3396 1106 3480 praesidente
1135 3396 1304 3481 archiepi-

353 3517 459 3580 scopo
484 3496 730 3561 cantuariensi
757 3495 951 3573 Theodoro,
977 3516 1055 3560 cum
1081 3498 1153 3560 suis
1178 3496 1303 3562 suffra-

354 3596 473 3678 ganeis
488 3597 657 3678 episcopis
677 3596 824 3679 aliisque
841 3595 972 3660 multis.
1024 3595 1219 3678 Propositis
1236 3596 1305 3678 igi·

354 3702 411 3759 tur
446 3694 648 3774 evangeliiS,
686 3695 829 3760 tradidit
866 3695 1058 3780 symbolum
1098 3694 1304 3761 Theodorus

353 3792 511 3856 omnibus
526 3792 775 3870 adsidentibuS,
789 3802 987 3858 sanctorum
1005 3800 1144 3876 patrum
1159 3795 1195 3857 in
1213 3793 1307 3859 hune

353 3889 492 3954 modum
516 3889 625 3953 literis
650 3910 872 3974 expressum3
897 3893 1139 3975 ‘Suscipimus
1164 3901 1306 3959 sanctas

353 3996 389 4053 et
419 3988 631 4054 universales
665 3992 816 4075 quinque
843 3991 995 4075 synodos
1020 4000 1219 4057 sanctorum
1240 4012 1307 4075 pa-

353 4096 445 4155 trum
465 4088 748 4168 orthodoxorum,
764 4091 799 4154 id
822 4098 887 4169 est,
903 4090 1073 4155 Nicenam
1095 4100 1217 4156 contra
1233 4089 1304 4155 Ar·

551 4252 662 4308 ιΕοιὶιιιι
677 4253 762 4327 uam]
789 4259 862 4309 From
875 4259 956 4321 Beda,
967 4256 1045 4324 §³02,
1055 4273 1120 4326 seqq.
