3000 5004
369 415 509 464 rnonns
535 415 805 465 nrsronmuuu.
999 398 1064 463 187

108 573 154 636 ad
183 572 302 649 vitam,
333 573 477 638 donavit
505 575 597 639 enim
625 575 688 637 tibi
721 575 819 637 Deus
852 573 972 649 vitam,
1004 591 1066 653 per

110 672 391 735 intercessionem
420 680 455 736 ct
487 672 684 756 lachrymas
714 671 959 754 discipulorum
987 678 1065 734 tuo·

110 791 186 834 rum
218 779 254 835 et
283 791 346 853 per
370 772 562 835 orationem
593 792 667 835 suae
695 772 885 854 genitricis,
915 770 975 833 sed
1002 789 1065 851 pa·

110 878 207 934 ratus
230 877 318 947 esto,
334 872 417 953 quia
433 879 514 953 post
537 872 801 953 quadriennium
820 878 996 933 revertens
1014 869 1066 932 vi·

110 970 224 1033 sitabo
251 976 313 1048 tc;
344 970 389 1033 ad
420 971 569 1052 patriam
597 978 713 1033 autem
743 969 959 1052 perveniens,
985 987 1066 1049 pos·

111 1069 304 1132 sessionum
329 1068 524 1132 ablatarum
552 1069 745 1150 portionem
776 1067 933 1149 recipies,
962 1074 1068 1148 atque

112 1186 199 1250 pace
230 1166 419 1248 tranquilla
451 1168 560 1230 vitam
600 1167 823 1230 terminabis.'
880 1165 1067 1230 Consuluit

111 1266 220 1347 igitur
241 1266 438 1347 episcopus,
463 1265 697 1346 gaudentibus
714 1265 860 1341 cunctis,
882 1271 1067 1345 coeptoquc

113 1365 236 1428 itinere
257 1364 476 1428 Britanniam
501 1365 671 1446 pervenit.
725 1364 841 1428 Lectis
862 1370 977 1426 autem
992 1362 1066 1443 cpi·

112 1463 224 1539 stolis,
239 1482 327 1545 quas
345 1465 389 1527 ab
404 1464 597 1545 apostolico
619 1482 710 1544 papa
728 1463 930 1537 advexerat,
948 1460 1066 1524 Brith-

114 1561 259 1635 woldus,
284 1562 547 1626 cantuariensis
569 1562 861 1645 archiepiscopus,
886 1568 922 1624 et
947 1559 1066 1623 Ethel-

115 1661 216 1725 redus
244 1661 418 1742 quondam
450 1681 525 1738 rex,
554 1669 636 1725 tuuc
667 1670 783 1725 autem
815 1661 935 1736 abbas,
959 1658 1067 1722 liben-

117 1760 249 1823 tissime
265 1759 438 1837 faverunt,
456 1761 516 1824 sed
528 1758 710 1824 Alhiridus
725 1780 787 1824 rex
805 1757 1067 1823 Northanhnm·

117 1859 253 1922 brorum
270 1877 347 1923 eum
364 1860 540 1941 suscipere
555 1861 775 1941 contempsit.
810 1857 970 1921 Alhfrido
984 1877 1067 1920 vero

117 1977 186 2022 non
209 1958 315 2039 longo
337 1966 417 2041 post
440 1966 594 2040 tempore
616 1958 791 2034 defuncto,
808 1951 993 2033 ¹Osrcdus,
1008 1956 1068 2037 qui

117 2064 195 2139 post
211 2077 289 2121 eum
304 2058 476 2138 regnavit,
493 2057 626 2140 synodo
639 2057 747 2141 juxta
763 2057 889 2120 flumen
907 2055 979 2120 Nid
997 2055 1067 2118 col-

115 2154 218 2233 lecta,
233 2164 314 2237 post
328 2156 583 2239 aliquantulum
598 2157 779 2239 utriusque
796 2155 906 2237 partis
929 2153 1069 2217 conflic-

118 2262 203 2332 tum,
224 2255 359 2319 cunctis
381 2255 521 2319 tandem
548 2256 758 2331 faventibus,
784 2256 820 2318 in
843 2252 1068 2336 praesulatum

115 2373 189 2417 suae
204 2353 361 2418 ecclesiae
376 2362 431 2418 cst
446 2363 605 2436 receptus
619 2374 627 2433 ;
654 2354 774 2436 sicque
788 2353 889 2417 annis
905 2359 1066 2434 quatuor,

117 2453 208 2516 sicut
235 2453 268 2516 ei
301 2453 346 2515 ab
377 2453 502 2534 angelo
530 2452 733 2536 praedictum
758 2452 883 2528 fuerat,
912 2452 949 2514 in
981 2466 1203 2533 pacsanum.

117 2552 225 2615 vitam
254 2551 396 2628 ducens,
427 2552 560 2634 quievit
590 2553 625 2614 in
658 2537 834 2615 Domino(
874 2549 1068 2614 Desunctns

117 2658 172 2714 est
185 2657 302 2714 autem
315 2658 442 2734 quarto
454 2651 531 2714 idus
544 2651 706 2715 Octobris
720 2652 755 2714 in
770 2648 979 2715 monasterio
992 2669 1069 2725 suo,

116 2749 209 2831 quod
231 2748 381 2814 hahebat
401 2751 466 2813 sub
481 2749 648 2831 regimine
664 2749 852 2814 cuthbaldi
874 2749 1010 2813 abbatis
1031 2749 1068 2811 in

118 2841 300 2912 ²Indalum
319 2849 518 2931 provincia3
542 2849 602 2912 sed
620 2848 810 2913 ministerio
824 2848 970 2912 fratrum
988 2867 1067 2929 pro·

116 2946 210 3011 latus
226 2948 262 3012 iu
276 2948 423 3030 primum
446 2968 548 3011 suum
566 2949 812 3012 monasterium
829 2947 865 3009 in
882 2946 1014 3028 Ripnn,
1031 2947 1067 3009 in

117 3046 264 3111 ecclesia
285 3048 378 3111 beati
396 3045 493 3111 Petri
506 3047 614 3130 juxta
636 3047 746 3111 altare
767 3047 812 3111 ad
835 3051 1067 3108 austrnm'se·
1109 3061 1111 3064 ’
1224 3086 1226 3091 -

117 3145 237 3229 pultus
251 3153 316 3210 ost.

169 3242 274 3309 Anno
296 3243 419 3327 gratiae
443 3244 695 3320 ncxc111.Ine,
721 3263 784 3307 rex
804 3241 1067 3307 occidentalium
1080 3263 1191 3303 noem.

117 3342 309 3421 Saxonum,
331 3352 524 3408 castrorum
547 3344 686 3407 aciebus
710 3342 909 3406 terribiliter
930 3341 1068 3406 ordina-

120 3443 178 3519 tis,
210 3442 483 3507 combustionem
519 3441 596 3506 Mul
631 3442 773 3522 cognati
805 3441 860 3504 sui
892 3440 1068 3505 vindicare

119 3540 318 3624 disposuit;
359 3561 422 3604 rex
455 3560 538 3605 vero
572 3540 834 3605 cantuariensis
866 3540 1068 3604 withredus

119 3639 293 3704 humiliter
326 3640 463 3705 obviam
501 3641 655 3717 venicus,
692 3633 875 3723 ³magnam
914 3641 1069 3723 pecuniae

120 3757 288 3802 summam
304 3759 369 3822 pro
383 3757 467 3803 nece
477 3739 619 3822 juvenis
635 3739 742 3816 dedit,
756 3745 792 3802 ct
804 3739 854 3802 sic

291 3855 342 3914 Lis
356 3856 437 3913 finita
448 3855 512 3924 fuit,
526 3875 579 3933 pax
593 3856 759 3913 confirmata
771 3857 881 3914 revixit.

157 4013 308 4082 'Ort-edus]
343 4016 448 4080 Rather,
470 4016 583 4067 ‘Osredi
643 4015 782 4079 'Magum
803 4019 910 4081 mesaia
931 4013 1070 4086 summum]

119 4088 251 4148 ternpore!
608 4087 753 4148 According
775 4093 801 4136 to
822 4087 865 4136 the
888 4089 972 4136 Saron
992 4087 1072 4137 Chro-

121 4152 313 4288 digsl'fficm]
341 4154 510 4252 ‘Undolum,'
532 4156 584 4205 Ed·
608 4156 796 4218 niele,thesunr
805 4157 1071 4219 was80,00⁰pounds;
