3000 5004
465 483 602 531 unouns
627 485 893 534 ursroutaaua.
1091 474 1156 536 419

205 633 319 697 dictus
337 635 427 700 sedit
443 639 479 700 in
497 638 659 703 cathedra
676 641 837 706 Romana
861 644 961 705 aunis
977 662 1100 707 novem
1118 653 1153 708 et

204 734 378 797 mensibus
410 754 485 799 sex.
539 738 667 802 Eodem
698 759 789 803 anno
820 740 983 804 defuneto
1006 739 1151 823 Algaro,

204 828 374 896 Cridieusi
388 835 563 917 episcopo,
579 831 772 901 ¹Alwoldus
790 838 967 902 successit.

403 1005 451 1067 De
466 1004 649 1091 homousia
666 1010 744 1091 rep-is
759 1008 948 1072 Eadwurdi.

255 1121 357 1189 Anno
383 1126 524 1191 Domini
557 1131 1028 1208 nccceuxxv11.Alfdritha,
1057 1132 1273 1195 End-anon.

204 1222 311 1286 wardi
330 1224 411 1287 novi
434 1228 526 1307 regis
548 1247 709 1305 noverea,
724 1230 833 1293 hlium
848 1249 948 1292 suurn
964 1231 1056 1294 omni
1073 1233 1150 1294 nisu
1162 1205 1312 1293 fflffiid

202 1317 237 1381 in
259 1341 375 1401 regem
390 1343 592 1404 promovere
616 1328 770 1404 studens,
789 1328 1019 1392 Eadwardum
1036 1331 1150 1392 verbis
1162 1303 1275 1343 ‘'m‘'

204 1417 406 1483 adulatoriis
444 1424 689 1488 circumvenire
724 1426 908 1490 laboravit.
970 1426 1035 1489 Ille
1067 1447 1149 1491 voro

203 1523 358 1597 paternae
385 1520 560 1602 religionis
582 1532 617 1586 et
643 1525 783 1606 pietatis
809 1526 958 1605 vestigia
982 1524 1149 1602 imitatus,

202 1607 312 1696 'regis
325 1618 538 1684 solummodo
555 1621 620 1684 sibi
643 1641 767 1686 nornen
784 1621 948 1698 retinens,
965 1622 1149 1686 Ethelredo

203 1712 302 1777 fratri
319 1725 359 1803 et
372 1718 474 1779 matri
489 1719 567 1802 ejus
590 1721 706 1783 omnia
718 1720 816 1802 regni
832 1721 973 1802 negotia
987 1721 1149 1785 ordinare

203 1813 368 1892 pemrisit.

258 1982 305 2045 Do
313 1985 458 2067 passione
473 1987 576 2050 macti
592 1987 783 2063 Eadwardi,
799 1989 877 2072 repis
892 1997 920 2051 et
934 1990 1094 2070 martyris.

252 2107 358 2174 Anno
385 2109 525 2172 Domini
553 2126 829 2173 uccccnxxvnr.
859 2129 936 2173 cum
967 2129 1029 2172 rex
1060 2108 1272 2177 End-naon.

204 2208 341 2270 wardus
363 2200 436 2270 ³die
459 2208 607 2290 quadam
633 2210 670 2271 in
696 2209 880 2271 venatione
901 2208 1014 2271 lassus
1035 2215 1071 2270 et
1092 2207 1148 2270 siti
1163 2187 1284 2283 illibi

203 2305 304 2369 nimis
329 2305 473 2369 affectus
504 2315 625 2389 potum
655 2306 751 2370 solus
777 2314 959 2388 quaereret,
984 2286 1267 2383 commin-&hid

203 2403 341 2467 tonibus
357 2405 430 2467 suis
453 2412 488 2467 et
510 2405 676 2468 ministris
693 2423 810 2481 canes,
827 2422 1034 2485 quocunque
1048 2422 1150 2467 casus

203 2501 363 2578 ducebat,
378 2504 652 2584 insequentibus,
667 2502 787 2566 audito
802 2502 895 2584 quod
910 2521 1060 2566 noverea
1075 2502 1150 2585 ejus

204 2607 240 2664 et
260 2601 367 2664 frater
379 2600 416 2663 in
430 2601 516 2665 villa
528 2601 690 2683 quadam,
715 2621 793 2683 quae
807 2594 839 2635 ⁴‘
852 2600 1081 2682 Corvesgate'
1100 2599 1151 2663 di·

203 2699 305 2775 citnr,
321 2698 529 2775 habitarent,
544 2701 680 2764 concito
695 2702 851 2782 equitatu
869 2700 952 2763 illuc
966 2697 1151 2781 pertendit,

205 2797 290 2861 nihil
318 2798 495 2861 sinistrum
527 2809 669 2880 propter
697 2799 929 2863 innocentiam
958 2798 1152 2879 suspicans,

205 2895 264 2958 sed
292 2896 437 2959 aliorum
461 2896 566 2960 corda
595 2916 639 2959 ex
665 2898 720 2960 sni
745 2898 896 2980 pectoris
920 2894 1153 2959 moderamine

205 2994 429 3075 ponderabat.
482 2992 532 3058 At
546 3013 695 3058 noverca
717 2995 805 3078 ejus,
823 2995 957 3057 blandis
979 3012 1057 3057 cum
1079 3012 1152 3055 ser·

205 3092 363 3156 monibus
378 3093 571 3156 venientem
596 3092 762 3170 alliciens,
784 3093 850 3155 sihi
865 3092 947 3155 fecit
962 3090 1152 3166 intendere,

205 3197 240 3252 et
263 3200 343 3272 post
359 3191 489 3267 oscula,
512 3191 578 3254 sibi
597 3199 756 3272 porrecto
775 3190 912 3273 poculo,
930 3207 1045 3269 regem
1067 3187 1153 3251 illud

206 3288 307 3351 avide
322 3289 537 3354 haurientem
562 3309 623 3370 per
643 3289 774 3353 lictoris
798 3307 920 3351 manus
945 3288 1018 3350 sica
1037 3296 1152 3350 trans·

206 3385 315 3467 sodit;
347 3406 409 3450 rex
437 3408 531 3463 vero,
559 3407 637 3451 cum
666 3408 703 3450 se
732 3386 905 3451 lethaliter
935 3386 1152 3450 vulneratum

206 3488 382 3566 cognovit,
398 3506 524 3570 equum
538 3487 731 3571 calcarihus
746 3504 868 3565 urgere
891 3486 1009 3567 coepit,
1023 3493 1063 3548 ut
1077 3484 1153 3546 red·

204 3583 271 3648 iret
283 3584 326 3648 ad
342 3605 435 3662 suos,
456 3586 655 3650 exundante
669 3586 804 3670 jugiter
820 3602 952 3660 cruore,
968 3583 1058 3646 unde
1080 3602 1154 3646 suae

241 3810 407 3878 ‘Alwoldusfl
424 3814 506 3864 called
517 3816 551 3874 by
564 3815 667 3863 Malms-
693 3814 756 3876 sue]
773 3814 896 3874 Compare
914 3812 956 3861 the
967 3812 1097 3874 following
1113 3827 1156 3861 ae·

206 3882 271 3943 bury
282 3884 290 3910 ‘
300 3879 427 3934 Elfwold.'
454 3884 509 3933 The
520 3885 580 3932 tima
593 3884 622 3933 oi
630 3884 669 3932 his
694 3888 770 3932 count
788 3882 816 3930 os
830 3880 982 3931 Eadward's
1003 3883 1155 3942 martyr-dom

205 3951 281 4000 death
293 3955 315 4001 is
327 3958 369 4001 not
379 3953 482 4003 known.
694 3952 756 4000 with
768 3952 936 4012 Mahnsbury,
947 3967 973 4012 p.
982 3956 1040 4012 258,
1048 3967 1096 4013 seq.
1105 3951 1156 3999 and

240 4050 579 4123 1
1113 4020 1155 4068 ³0

205 4137 266 4184 pare
278 4124 448 4187 Malmsbnry,
459 4125 529 4175 Hiat.
541 4142 568 4187 p.
579 4129 637 4174 258.
729 4156 918 4219 ,commod
939 4172 999 4206 mr
1008 4157 1083 4206 corpe
1094 4157 1158 4206 cm·

240 4221 251 4254 ⁸
263 4225 312 4273 Die
323 4228 425 4287 quadam
442 4227 468 4273 ia
479 4226 603 4276 venatione
622 4227 668 4274 lus
696 4230 738 4289 tle,
750 4227 919 4277 Dorsetshire.

971 4315 987 4359 2
1006 4316 1053 4361 ui
