3000 5004
351 456 417 523 498
600 475 735 523 nocent
760 475 807 522 ns
832 474 1040 522 wnunovss

353 631 478 713 Marim
493 630 536 695 de
554 631 672 707 Stone,
690 638 890 713 sanctaeque
904 630 1132 711 Wereburgee
1147 630 1307 712 virginis,

352 731 388 794 in
403 731 636 812 Legecestria,
652 731 816 795 ecclesias
838 750 916 793 cum
938 730 1107 794 coenobiis
1126 728 1171 794 de
1189 729 1311 794 Here·

352 829 464 906 sham,
478 830 521 893 de
534 829 736 907 Weneloac,
756 837 792 894 et
811 823 872 893 ¹de
894 830 1065 906 Lentone,
1085 831 1202 906 terris,
1224 830 1309 893 aedi·

353 929 440 993 ficiis
463 948 505 992 ac
521 930 627 993 variis
649 930 861 993 ornamentis
883 928 975 992 idem
1001 947 1116 992 comes
1137 929 1307 993 instinctu

324 1043 327 1049 ·
353 1030 540 1093 comitissae
556 1028 737 1112 magnifico
753 1028 892 1092 ditavit.

517 1199 567 1263 De
581 1220 654 1264 casu
669 1197 811 1263 mirabili
827 1198 883 1284 qui
897 1199 1001 1262 Rome
1015 1198 1143 1263 occidit.

408 1321 510 1388 Anno
537 1325 659 1404 gretiae
691 1315 1057 1405 uev111.¹Stephanus
1079 1323 1227 1387 seditio
1250 1343 1309 1388 ca·

356 1421 478 1486 thedra
496 1422 658 1486 Romana
674 1423 850 1486 mensibus
876 1442 1013 1498 novem,
1036 1423 1092 1486 cui
1115 1422 1308 1487 succedens

356 1515 583 1586 Benedictus³
606 1541 730 1585 novem
754 1522 941 1597 mensibus,
959 1531 998 1584 ut
1015 1521 1091 1605 ejus
1112 1522 1308 1603 praedeces·

355 1641 424 1697 sor,
437 1620 636 1684 cathedram
650 1621 869 1702 gubernavit.
921 1618 1050 1684 Eodem
1067 1628 1223 1702 tempore
1240 1616 1307 1686 ⁴ci·

355 1721 409 1783 vis
431 1719 571 1803 quidam
602 1719 794 1794 Romanus,
818 1726 922 1783 aetate
949 1719 1102 1802 juvenis,
1133 1719 1309 1802 dignitate

355 1817 532 1881 senatoria
551 1818 678 1893 clarus,
701 1838 905 1900 generosam
928 1819 995 1882 sibi
1016 1814 1213 1902 ⁵quandam
1235 1821 1309 1884 vir-

355 1916 471 1998 ginem
493 1917 711 1981 matrimonio
733 1917 923 2000 copulavit,
940 1918 985 1982 oh
1004 1918 1104 2003 cujus
1125 1917 1306 1998 honorem,

355 2016 428 2080 suis
447 2016 634 2093 sodalibus,
660 2015 781 2080 diebus
805 2017 924 2081 multis
948 2017 1110 2081 convivia
1128 2037 1308 2101 praepara-

355 2116 419 2180 vit.
472 2114 629 2198 Cumque
645 2114 701 2179 die
714 2115 864 2198 quadam
883 2116 920 2178 in
942 2135 1101 2198 campum
1118 2119 1308 2199 processis·

355 2222 445 2291 seut,
460 2222 500 2278 ut
516 2215 626 2279 sessos
639 2214 771 2279 deliciis
790 2214 987 2278 stomachos
1001 2214 1150 2278 ludendo
1173 2215 1305 2282 solida·

356 2321 445 2390 rent,
463 2314 568 2395 pilam
593 2320 741 2397 poscunt
763 2321 799 2378 et
821 2313 969 2377 multum
991 2313 1060 2377 diei
1076 2314 1227 2395 spatium
1250 2316 1305 2381 lu-

356 2411 467 2476 dendo
485 2420 711 2492 consumunt3
735 2412 796 2476 sed
813 2432 857 2476 ne
869 2412 1021 2496 jocando
1031 2413 1171 2496 juvenis
1194 2434 1306 2479 annu·

355 2510 428 2574 lum
451 2512 625 2576 amitteret
649 2511 851 2593 nuptialem,
877 2512 913 2574 in
936 2511 1046 2592 digito
1073 2520 1219 2577 extento
1245 2535 1306 2578 cu-

352 2609 494 2691 jusdam
519 2617 645 2673 statuae
670 2629 778 2674 aeneee
794 2611 884 2674 clam
906 2610 1082 2674 sodalibus
1107 2613 1305 2690 collocavit,

356 2715 393 2771 et
417 2706 461 2771 ad
484 2705 604 2770 ludum
629 2727 830 2785 conversus,
846 2709 1131 2773 incalescentibus
1156 2730 1230 2792 prae
1251 2714 1305 2776 ni·

356 2807 426 2869 mio
440 2825 543 2869 cursu
561 2806 760 2885 visceribus,
777 2826 799 2872 a
813 2808 896 2872 ludo
910 2827 948 2872 se
961 2810 1094 2891 primus
1117 2812 1306 2888 subtraxit,

354 2913 392 2969 et
407 2907 550 2970 veniens
574 2905 619 2970 ad
640 2914 793 2970 statuam
816 2908 975 2989 digitum,
990 2909 1026 2971 in
1046 2927 1115 2990 quo
1137 2910 1305 2974 annulum

355 3013 531 3087 posuerat,
554 3005 598 3069 ad
615 3007 731 3070 volam
753 3025 863 3089 usque
884 3006 1052 3071 reflexum
1076 3015 1112 3070 et
1136 3009 1304 3072 annulum

354 3105 391 3168 in
418 3105 529 3187 digito
552 3105 686 3169 invenit
713 3105 858 3170 firmiter
882 3106 1127 3187 constrictum,
1151 3109 1212 3190 qui
1236 3109 1303 3172 ali·

391 3348 451 3400 'De
469 3348 605 3419 bentona]
626 3352 747 3402 Florence
764 3352 815 3402 and
875 3345 1066 3419 'Benedictusfl
1084 3352 1127 3401 the
1137 3355 1218 3417 tenth,
1239 3359 1305 3408 anti·

352 3419 454 3469 Simeon
482 3423 543 3470 read
564 3418 737 3483 ‘laeonense3‘
764 3423 815 3472 and
839 3437 916 3484 pope,
926 3422 1022 3470 elected
1036 3424 1138 3483 against
1148 3423 1190 3472 the
1201 3426 1267 3475 wish
1278 3428 1308 3478 ol

354 3489 500 3551 Bromton,‘
511 3492 723 3552 LeoneneeJuxta
734 3493 816 3541 Here·
839 3492 881 3540 the
892 3491 1037 3551 cardinnls3
1054 3491 1086 3541 he
1096 3491 1157 3541 held
1173 3493 1217 3542 the
1233 3496 1306 3547 cheir

353 3554 482 3609 fordiam?
499 3560 621 3622 probably
632 3559 702 3608 Iena
717 3561 743 3608 iu
762 3562 816 3610 He·
839 3560 871 3609 he
882 3560 933 3609 hed
944 3561 1057 3621 usurped
1073 3562 1139 3610 until
1150 3563 1193 3612 the
1205 3566 1303 3616 middle

352 3628 514 3679 refordehire.
549 3629 655 3690 Lenton,
667 3629 814 3679 Notts.wae
839 3631 869 3678 ol
875 3630 935 3680 an.
948 3633 1021 3679 1059.

351 3704 397 3746 not
418 3699 529 3747 founded
550 3699 616 3747 until
637 3698 679 3747 the
701 3701 773 3762 reign
789 3699 818 3749 ol
874 3697 967 3747 ‘Civis
984 3699 1082 3762 quiden
1094 3697 1242 3771 mmm]
1260 3706 1304 3757 lle

353 3766 443 3827 Henry
454 3766 570 3816 thelirst.
838 3768 861 3816 is
883 3768 966 3817 called
988 3769 1085 3817 Lucius
1115 3771 1149 3831 hy
1173 3772 1304 3840 Bromton‚

387 3831 569 3903 'Stephonm‚]
587 3836 629 3886 the
644 3836 725 3887 ninth.
759 3836 814 3886 'me
838 3836 905 3898 who,
923 3837 986 3885 with
1009 3837 1178 3902 Malmsbury,
1199 3846 1303 3895 record,

351 3917 421 3953 error
431 3903 459 3952 ol
468 3905 589 3956 Florenee
600 3907 623 3955 is
634 3906 694 3955 here
704 3906 795 3968 copied
805 3923 813 3967 ;
837 3907 879 3956 the
899 3906 992 3968 legend
1011 3906 1159 3972 following3
1174 3911 1225 3962 eol.
1244 3918 1304 3978 050,

351 3973 462 4035 Stephen
472 3989 527 4024 was
538 3976 634 4026 elected
646 3981 671 4024 to
682 3976 724 4025 the
735 3978 812 4038 papel
837 3977 887 4027 and
899 3976 912 4038 b
923 3980 981 4025 005.

352 4041 423 4092 cheir
437 4045 463 4093 in
478 4046 548 4107 Aug.
559 4049 633 4106 1057,
643 4045 694 4093 end
710 4046 770 4095 died
786 4054 813 4095 et
872 4043 882 4072 ⁶
896 4044 1175 4116 omnesomnes]
1186 4049 1302 4112 hyesme

351 4112 472 4164 Florence
483 4116 509 4164 in
521 4114 612 4164 March
624 4117 696 4163 1058.
838 4116 971 4178 Eugenie5
988 4116 1116 4168 Bremton.
