3000 5004
351 443 395 507 42
605 459 739 508 seeum
765 459 812 505 aa
835 457 1042 506 wuuoovna

353 612 557 678 Ambrosius
573 634 693 678 versus
716 615 924 699 aquilonem,
940 624 975 680 et
991 613 1202 697 Hengistum
1223 636 1301 680 cum

200 747 286 827 hm
353 713 552 777 saxonibus
574 734 678 796 super
704 714 842 793 flumen,
866 715 960 797 quod
983 715 1063 779 Don
1092 712 1300 799 appellatur,

282 813 288 826 “
353 813 492 877 aciebus
527 813 571 877 ad
612 815 739 878 bellum
772 815 963 892 instructis,
994 815 1139 880 invenit.
1204 814 1299 894 Quid

353 912 487 977 multa'l
540 912 835 977 concurrentibus
857 913 937 977 hinc
967 921 1003 977 et
1032 914 1113 978 inde
1138 916 1301 993 catervis,

353 1012 555 1076 acerrimam
574 1014 776 1077 commisere
798 1032 963 1096 pugnam,
985 1032 1210 1096 cruoremque
1230 1033 1300 1078 non

353 1110 531 1174 minimum
544 1112 727 1194 utrobique
741 1111 948 1176 diffundunt.
982 1113 1144 1195 Dumque
1158 1114 1194 1176 in
1208 1112 1300 1178 hunc

353 1210 491 1274 modum
528 1211 721 1276 diutissime
750 1211 997 1289 decertassent,
1031 1211 1105 1275 dux
1137 1210 1302 1276 Claudio·

353 1311 489 1374 cestriae
506 1310 621 1388 Eldol,
639 1312 695 1376 cui
719 1310 843 1376 ardens
864 1311 977 1375 inerat
993 1310 1199 1375 desiderium
1221 1329 1300 1375 cum

354 1408 531 1490 Hengisto
554 1410 809 1492 congrediendi,
834 1429 911 1474 cum
938 1410 1111 1493 phalange
1133 1411 1190 1474 cui
1211 1429 1299 1492 prae·

353 1516 429 1572 erat
444 1529 573 1573 cuneos
595 1516 792 1592 penetrans,
810 1510 903 1592 cepit
918 1508 1130 1591 Hengistum
1152 1528 1215 1591 per
1237 1527 1299 1572 na·

353 1609 426 1671 sale
448 1608 604 1685 cassidis,
618 1610 829 1690 summisque
850 1616 951 1672 utens
966 1608 1097 1672 viribus
1111 1609 1225 1691 ipsum
1247 1610 1301 1672 in·

354 1706 407 1769 fra
421 1708 581 1770 concives
594 1727 676 1771 suos
690 1708 882 1789 pertraxit;
904 1706 1146 1771 ‘Desiderium
1163 1707 1300 1785 meum,'

353 1806 478 1886 inquit,
505 1804 628 1882 ‘hodie
658 1806 860 1890 adimplevit
884 1807 1003 1886 Deus;
1036 1806 1183 1871 victoria
1208 1806 1299 1870 enim

356 1905 454 1968 nobis
471 1905 507 1968 in
522 1923 626 1970 manu
641 1907 718 1970 est.'
770 1906 993 1988 Diffugerunt
1005 1907 1125 1988 itaque
1142 1905 1300 1970 Saxones

354 2023 424 2085 quo
455 2006 606 2087 impetus
633 2024 803 2088 quemque
834 2006 994 2083 ducebat,
1022 2024 1110 2087 quos
1136 2004 1301 2070 Aurelius

354 2102 528 2184 fugientes
545 2104 741 2187 insequens,
765 2105 1080 2170 immisericorditer
1101 2104 1301 2169 trucidavit.

358 2201 449 2266 Octa
465 2222 561 2280 vero,
580 2203 673 2269 filius
696 2202 873 2287 Hengisti,
897 2224 975 2268 cum
997 2204 1120 2288 majori
1144 2203 1301 2268 multitu·

356 2302 435 2366 dine
458 2303 664 2381 Eboracum,
681 2303 776 2367 Eose
799 2312 915 2369 autem
938 2305 1058 2368 urbem
1075 2296 1227 2381 ¹Alclud,
1240 2323 1302 2386 pe-

357 2403 497 2467 tierunt.
550 2403 601 2468 Ut
626 2404 734 2485 igitur
755 2400 919 2467 Aurelius
949 2401 1187 2486 triumphavit,
1209 2404 1302 2486 cepit

357 2503 476 2564 urbem
500 2500 646 2578 Conani,
672 2510 707 2566 et
734 2502 859 2566 ibidem
883 2504 992 2568 tribus
1014 2503 1134 2567 diebus
1148 2511 1304 2568 moratus

357 2606 432 2679 est;
459 2601 643 2681 posthaec,
660 2604 860 2666 convocatis
881 2604 1038 2679 ducibus,
1060 2603 1226 2686 praecepit
1245 2602 1304 2666 de-

357 2718 497 2762 cernere
520 2701 602 2780 quid
625 2700 668 2765 de
693 2702 870 2784 Hengisto
887 2702 961 2767 lieri
982 2702 1167 2766 debuisset.
1219 2701 1303 2765 Sur·

356 2817 444 2879 gens
468 2799 586 2881 itaque
608 2800 774 2878 Eldadus,
797 2802 980 2885 episcopus
1005 2800 1305 2866 claudiocestren-

358 2899 408 2960 sis
437 2905 472 2961 et
497 2897 604 2964 frater
628 2900 731 2964 Eldol
760 2901 870 2978 ducis,
894 2902 1005 2986 jussit
1027 2919 1146 2965 omues
1176 2906 1303 2978 tacere,

359 2998 412 3080 [et
428 2998 507 3079 ait,]
530 2999 630 3063 ‘Etsi
647 3019 765 3064 omnes
787 3001 893 3064 istum
916 3000 1062 3064 liberare
1077 2999 1218 3076 vellent,
1238 3018 1303 3082 ego

359 3117 436 3161 eum
452 3097 490 3161 in
505 3096 616 3163 frusta
630 3099 857 3163 concideram.
908 3099 1047 3163 Samuel
1063 3118 1212 3180 namque
1224 3118 1304 3181 pro·

359 3196 477 3279 pheta,
486 3217 565 3260 cnm
576 3197 681 3280 Agag
690 3217 804 3280 regem
814 3196 981 3262 Amalech
992 3199 1028 3262 in
1036 3198 1128 3262 bello
1142 3197 1303 3281 cepisset,

360 3297 527 3360 mactavit
554 3297 651 3361 illum
679 3297 716 3361 in
740 3297 863 3375 frusta,
890 3297 1020 3375 diceus,
1045 3296 1164 3361 ‘Sicut
1191 3297 1302 3361 fecisti

361 3403 488 3459 matres
503 3397 578 3460 sine
594 3398 723 3475 liberis,
739 3398 789 3461 sic
803 3396 927 3461 faciam
941 3403 1085 3460 matrem
1097 3403 1192 3460 tuam
1204 3396 1304 3460 bodie

360 3495 434 3559 sine
466 3495 583 3559 liberis
607 3496 699 3561 inter
724 3497 886 3561 mulieres
897 3497 918 3577 ;’
945 3497 1105 3560 similiter
1130 3494 1235 3560 facite
1262 3496 1304 3560 de

223 3675 249 3703 Μ
278 3625 304 3703 οἱ
360 3595 428 3657 isto
454 3595 513 3677 qui
545 3595 633 3658 alter
663 3594 768 3678 Agag
790 3595 948 3660 exstitit?
999 3595 1154 3676 Accepto
1186 3596 1305 3677 itaque

362 3692 464 3754 Eldol
479 3692 595 3773 gladio
609 3694 711 3757 duxit
725 3714 803 3758 eum
816 3703 918 3760 extra
930 3697 1061 3772 urbem,
1076 3702 1113 3758 et
1128 3702 1308 3777 amputato

230 3821 294 3851 na-
360 3791 475 3871 capite
505 3791 549 3854 ad
573 3799 706 3855 tartara
734 3793 874 3859 direxit.
925 3789 1119 3859 ²Successit
1147 3795 1179 3856 ci
1207 3793 1308 3859 Osric

233 3872 273 3901 '⁰¹'
361 3889 452 3953 filius
467 3890 555 3973 ejus,
575 3901 805 3974 cognomento
823 3895 921 3972 AEsc,
936 3915 1039 3978 super
1062 3901 1201 3976 gentem
1219 3893 1309 3957 Sax-

359 4129 546 4254 „ssmssffll
574 4134 708 4196 ⁵⁰⁹⁰⁰⁸ffl
737 4139 762 4184 ¹⁰
790 4137 821 4183 ¹³⁹
847 4101 1310 4237 t1l'i?⁶lii⁵iildss‘llililij

847 4258 908 4292 XXX.
