3000 5004
404 471 489 532 xxvi
795 486 966 534 rnnrncn.

292 690 298 702 .
346 688 353 703 .
405 645 501 707 brevi
519 643 635 725 pelagi
657 645 792 726 spatiis,
808 644 919 726 optati
943 644 1069 707 littoris
1087 642 1201 723 quiete
1215 642 1355 722 potinu-

405 752 474 807 tur.
520 736 693 806 ¹Collccta
708 743 826 825 itaque
842 743 932 825 apud
950 742 1187 807 Verolamium
1206 739 1353 823 synodo,

406 843 572 905 immensa
594 841 779 905 multitudo
801 844 905 906 etiarn
931 862 1008 904 curn
1034 842 1241 923 conjugibus
1261 847 1296 902 et
1313 839 1355 901 li-

406 942 496 1005 beris
513 941 596 1004 illuc
612 942 765 1004 excitata
782 949 999 1004 convenerat.
1045 939 1179 1003 Aderat
1192 939 1353 1022 populus,

406 1048 630 1122 exspectatur
656 1040 793 1103 futurus
820 1048 855 1104 et
874 1040 998 1122 judex,
1028 1039 1213 1103 adstabant
1235 1047 1352 1120 partes

406 1139 536 1221 dispari
561 1139 757 1202 conditione
786 1140 992 1214 consimiles,
1013 1139 1091 1201 inde
1116 1138 1234 1202 divina
1254 1137 1352 1213 tides,

407 1237 484 1302 hinc
515 1238 664 1302 humana
695 1240 933 1321 praesumptio,
960 1237 1039 1300 inde
1068 1237 1240 1318 superbia,
1271 1236 1351 1299 hinc

406 1337 576 1414 Christus,
595 1339 673 1401 inde
695 1337 859 1419 Pelagius
885 1347 1007 1401 auctor
1028 1337 1223 1419 pravitatis.
1276 1335 1351 1398 Pri·

406 1457 461 1500 mo
485 1438 519 1500 in
539 1437 616 1501 loco
638 1438 828 1500 beatissimi
853 1435 1050 1500 sacerdotes
1074 1435 1209 1517 copiam
1235 1435 1353 1517 dispu-

406 1537 503 1599 tandi
526 1536 733 1599 adversariis
757 1537 988 1618 praebuerunt,
1011 1536 1070 1618 qui
1094 1533 1170 1598 sola
1195 1534 1351 1597 nuditate

407 1636 585 1698 verborum
607 1635 665 1697 din
683 1634 833 1698 inaniter
852 1645 1005 1698 etentes
1025 1641 1197 1714 occupant
1215 1641 1250 1696 et
1266 1640 1351 1695 tem·

405 1753 503 1815 pora.
557 1733 691 1797 Deinde
707 1735 880 1798 antistites
897 1732 1083 1797 venerandi
1097 1739 1268 1795 torrentes
1281 1731 1352 1795 elo·

407 1833 479 1913 quii
507 1833 573 1907 sui,
602 1852 680 1895 cum
714 1833 914 1914 apostolicis
936 1842 972 1896 et
996 1830 1205 1912 evangelicis
1237 1832 1354 1893 imbri-

406 1931 482 2006 bus,
514 1930 747 2011 perfuderunt.
802 1932 1016 1996 Miscebutur
1048 1950 1161 1993 sermo
1192 1931 1352 2012 proprius

406 2047 483 2092 cum
508 2028 637 2107 divino,
658 2043 694 2094 et
714 2033 922 2094 assertiones
947 2029 1217 2094 modestissimos
1235 2029 1352 2093 lectio·

407 2147 487 2190 nnm
506 2130 703 2193 testimonia
720 2131 963 2212 sequebantur.
1017 2129 1243 2192 Conviucitur
1255 2129 1353 2192 vani·

406 2237 469 2301 tas
490 2229 632 2309 pertidia
649 2229 860 2305 confutatur,
878 2229 928 2292 ita
946 2238 984 2292 ut
1000 2229 1042 2291 ad
1060 2228 1216 2309 singulas
1231 2229 1351 2292 verbo

405 2347 479 2389 rum
504 2328 715 2411 objectiones
739 2347 873 2391 errasse
897 2346 946 2403 se,
967 2328 1047 2390 dum
1074 2328 1191 2408 nequit
1209 2346 1351 2408 respon-

406 2425 498 2502 dere,
509 2425 648 2489 fatetur.
677 2425 832 2507 Populus
847 2428 975 2490 arbiter
984 2426 1044 2490 vix
1053 2444 1176 2488 manus
1187 2426 1353 2504 continet,

400 2524 570 2605 judicium
587 2545 663 2589 cum
681 2525 830 2589 clamore
845 2533 1004 2589 testatur.
1050 2524 1137 2589 Post
1152 2525 1243 2588 hunc
1260 2524 1351 2588 diem

404 2623 455 2685 ita
470 2642 514 2686 ex
530 2624 653 2687 animis
671 2625 821 2686 omnium
838 2625 953 2687 suasio
967 2626 1089 2706 iniqua
1102 2624 1215 2688 deleta
1229 2633 1294 2700 est,
1313 2634 1353 2689 ut

405 2721 621 2785 sacerdotum
638 2721 827 2786 doctrinam
845 2724 1041 2787 sitientibus
1052 2723 1229 2787 desideriis
1242 2731 1351 2787 secta-

406 2827 535 2884 rentur.
588 2820 796 2902 Compressa
818 2823 936 2904 itaque
959 2823 1184 2904 perversitate
1210 2823 1349 2886 damna·

406 2917 478 2993 bili,
500 2918 644 3002 ejusque
667 2923 866 2984 auctoribus
885 2921 1083 2995 confutatis,
1102 2930 1208 3002 atque
1226 2921 1350 2985 animis

405 3018 557 3081 omnium
572 3018 651 3081 fidoi
668 3021 818 3101 puritate
833 3022 1044 3101 compositis
1058 3020 1255 3083 sacerdotes
1272 3021 1353 3085 bea-

406 3123 477 3179 tum
496 3115 670 3181 Albanum
692 3129 889 3202 martyrem,
906 3120 1039 3182 auctori
1061 3119 1135 3183 Deo
1158 3139 1218 3202 per
1238 3120 1351 3201 ipsum

405 3217 537 3294 gratias
567 3218 689 3292 acturi,
721 3219 919 3299 petierunt3
955 3219 1013 3281 ubi
1044 3218 1252 3294 Germanus,
1280 3239 1350 3282 om-

405 3316 498 3378 nium
525 3316 761 3399 apostolorum
784 3317 1065 3399 diversorumque
1087 3327 1276 3400 martyrum
1298 3338 1352 3382 se-

404 3433 482 3477 cum
495 3414 659 3498 reliquias
673 3415 816 3493 habens
830 3416 922 3480 fucta
937 3419 1104 3493 oratione,
1113 3418 1221 3500 jussit
1232 3417 1351 3480 revelli

403 3513 635 3594 sepulchrum,
654 3516 805 3596 pretiosa
824 3516 950 3579 ibidem
975 3535 1117 3580 munera
1138 3517 1351 3593 conditurae,

403 3612 576 3674 arbitrans
596 3621 841 3695 opportunum,
859 3623 898 3678 ut
915 3617 1068 3679 membra
1087 3625 1284 3679 sanctorum
1306 3636 1350 3679 ex

403 3708 548 3771 diversis
574 3712 772 3792 regionibus
796 3714 954 3791 collecta,
977 3735 1064 3796 quos
1091 3735 1192 3797 pares
1220 3715 1350 3778 meritis

403 3817 581 3890 receperat
599 3810 733 3886 caelum,
750 3813 922 3894 sepulchri
940 3834 1078 3898 quoque
1102 3816 1203 3878 unius
1219 3823 1352 3877 teneret

403 3905 602 3988 hospitium.
656 3909 791 3987 Quibus
812 3912 978 3994 depositis
999 3914 1184 3978 honorifice
1203 3933 1244 3977 ac
1263 3915 1352 3977 soci-

437 4104 443 4136 ¹
456 4109 560 4156 Collecto
573 4107 654 4171 itaque
667 4145 672 4157 .
687 4144 692 4156 .
708 4113 835 4176 ,syuodo.]
854 4112 1013 4175 Concerning
1025 4114 1075 4162 this
1087 4114 1167 4175 synod
1180 4129 1222 4162 see
1232 4114 1352 4175 wilkins,

404 4176 502 4226 Concil.
515 4185 573 4227 tom.
586 4179 603 4226 i.
616 4194 642 4239 p.
657 4183 679 4239 l,
691 4185 754 4230 note.
