3000 5004
348 435 415 500 296
605 451 739 498 nocunr
764 452 811 497 nu
835 451 1041 499 wnrvuovun

350 607 513 671 defuncto
530 601 724 683 ¹Rethuno,
753 606 1014 688 Legecestrensi
1037 608 1213 690 pontifice,
1241 607 1302 672 Al·

351 706 475 770 dredus
493 707 529 768 in
546 707 784 788 episcopatum
799 707 977 772 successit.

629 879 796 968 Descacto
811 877 981 942 swithuno.

192 1022 302 1063 snas.
404 1001 509 1067 Anno
533 1003 675 1067 Domini
699 1018 881 1066 ucccnxn.
905 996 1066 1065 'sanctus
1090 1000 1302 1078 swithunus,

190 1072 340 1113 *mm*
356 1101 528 1166 Ventanae
557 1102 709 1166 civitatis
742 1102 936 1183 episcopus,
968 1101 1132 1181 migravit
1162 1101 1207 1165 ad
1230 1100 1303 1164 Do-

354 1201 496 1265 minum.
543 1194 633 1264 ⁸Hic
660 1200 714 1263 vir
741 1208 895 1276 sanctus,
927 1199 1008 1262 dum
1037 1199 1151 1263 adhuc
1182 1200 1303 1263 vivens

353 1300 538 1364 multarum
556 1307 648 1363 esset
663 1317 842 1382 possessor
858 1299 1038 1374 virtutum,
1054 1298 1227 1379 praecipue
1250 1306 1302 1361 ta-

354 1417 433 1462 men
458 1399 641 1463 clementia
660 1406 696 1461 et
711 1397 905 1461 humilitate
929 1397 1094 1479 pollebat.
1146 1396 1303 1478 Contigit
1391 1457 1395 1465 .

355 1504 470 1560 autem
500 1506 654 1580 tempore
676 1497 825 1579 quodam
857 1494 949 1559 hunc
975 1496 1042 1559 Dei
1069 1495 1235 1560 famulum
1259 1496 1301 1559 ad

354 1605 495 1677 pontem
521 1598 615 1659 urbis
638 1596 810 1660 Ventanae
835 1615 913 1658 cum
938 1594 1105 1676 operariis
1134 1594 1224 1658 sorte
1249 1614 1302 1658 se·

355 1692 448 1770 dere,
465 1702 503 1757 ut
521 1713 594 1757 suae
616 1695 784 1757 instantia
805 1694 1000 1776 praesentiae
1016 1692 1181 1756 desidiam
1205 1693 1300 1757 labo·

354 1793 505 1855 rentium
530 1800 753 1874 provocaret3
787 1800 822 1856 et
850 1811 929 1856 ecce
961 1811 1024 1873 per
1044 1802 1185 1873 pontem
1209 1812 1302 1856 com·

355 1891 493 1953 meabat
519 1889 556 1953 in
579 1892 698 1954 urbem
724 1890 867 1954 foemina
890 1910 997 1954 causa
1022 1891 1229 1968 commercii,
1252 1890 1301 1955 se·

355 2008 434 2052 rens
447 2008 526 2065 ova,
542 1988 699 2071 adquam
714 1990 932 2071 prosilientes
943 1988 1094 2070 undique
1108 1997 1303 2071 operantes,

355 2094 396 2150 ut
418 2107 492 2151 mos
521 2094 575 2151 est
591 2088 785 2152 hominibus
810 2088 903 2151 illius
927 2089 1076 2170 generis,
1101 2096 1137 2151 et
1162 2107 1303 2152 accessu

354 2187 538 2268 petulanti,
554 2188 670 2251 omnia
684 2189 728 2250 ad
745 2207 851 2251 unum
867 2205 935 2251 ova
946 2187 1188 2268 confringunt3
1212 2207 1303 2251 cum·

354 2304 423 2367 que
438 2287 568 2349 sactum
582 2286 823 2369 vituperabile,
839 2286 980 2350 muliere
1000 2294 1244 2367 conquerente,
1260 2287 1305 2350 ed

355 2403 457 2447 aures
481 2385 529 2465 pii
555 2386 728 2466 pontificis
742 2385 969 2468 pervolasset,
986 2391 1022 2448 et
1038 2385 1133 2448 illius
1155 2405 1304 2468 pauper-

355 2482 443 2545 culae
471 2482 621 2545 foeminae
653 2484 816 2548 damnum
846 2485 1067 2566 suspirasset,
1096 2491 1211 2548 motus
1234 2485 1302 2549 cle-

355 2580 484 2643 mentia
515 2582 652 2658 mentis,
684 2584 822 2664 signum
851 2583 962 2645 crucis
988 2601 1092 2664 super
1120 2603 1189 2647 ova
1222 2603 1303 2648 con-

354 2678 467 2742 fracta
503 2680 645 2757 iaciens,
674 2682 827 2744 omnium
859 2681 1045 2745 fracturam
1076 2682 1305 2746 consolidavit

356 2796 513 2841 ovorum.
566 2779 621 2843 De
649 2779 843 2844 humilitate
870 2799 1008 2862 quoque
1034 2780 1125 2843 beati
1150 2782 1216 2845 viri
1237 2780 1303 2845 hoc

355 2879 520 2940 memoria
535 2877 675 2959 dignum
700 2886 765 2955 est,
779 2878 872 2961 quod
887 2880 1159 2961 quotiescunque
1177 2900 1304 2944 novam

354 2975 509 3039 ecclesiae
532 2976 697 3040 fabricam
712 2978 870 3041 dedicare
886 2978 1044 3054 debebat,
1068 2996 1121 3054 eo,
1144 2981 1304 3062 quamvis

353 3075 420 3139 iter
445 3076 587 3156 longum
621 3083 724 3153 esset,
755 3097 825 3139 non
848 3096 937 3158 equo
963 3076 1020 3140 vel
1047 3076 1218 3154 vehiculo,
1243 3079 1304 3143 sed

353 3175 440 3256 pede
472 3175 619 3256 impiger
646 3176 897 3254 contendebat;
932 3182 968 3238 et
989 3195 1032 3238 ne
1057 3174 1092 3237 id
1119 3177 1163 3239 ah
1196 3178 1305 3260 impe-

353 3273 428 3335 ritis
456 3273 600 3337 ridiculo
626 3273 821 3351 haberetur,
839 3275 894 3337 vel
917 3293 939 3337 a
961 3275 1119 3356 superbis
1142 3295 1206 3358 pro
1227 3277 1305 3360 jac·

352 3373 474 3435 tantiae
484 3373 571 3436 vitio
587 3380 778 3450 notaretur,
791 3374 922 3436 visibus
931 3372 1106 3437 hominum
1122 3375 1305 3453 abductus,

350 3478 543 3534 nocturnus
561 3472 677 3535 viator
692 3473 759 3536 iter
777 3473 890 3535 facere
908 3473 1111 3551 consuevit;
1137 3475 1306 3539 solitariae

386 3710 542 3782 ¹Rethuno,]
560 3716 641 3764 called
660 3717 694 3776 by
706 3716 813 3766 Malms·
838 3719 882 3767 the
900 3719 950 3767 2nd
969 3719 1033 3781 July
1052 3721 1079 3768 in
1098 3720 1149 3770 this
1168 3736 1247 3785 yesr;
1264 3725 1305 3774 his

348 3784 414 3844 bury
432 3783 578 3846 ‘Bethum,’
588 3785 646 3832 who
664 3789 743 3834 states
758 3786 813 3834 that
838 3788 881 3837 life
909 3789 931 3836 is
958 3789 985 3836 in
1012 3789 1055 3838 the
1091 3791 1159 3840 Nov.
1189 3792 1304 3856 Legend.

348 3852 380 3901 he
399 3868 446 3902 can
462 3853 521 3913 only
538 3855 595 3914 give
612 3868 628 3902 a
643 3855 688 3903 list
705 3855 733 3903 oi
748 3855 813 3904 their
838 3857 967 3907 cclxxviii.
977 3859 1003 3908 b.

347 3937 443 3985 names,
453 3923 522 3971 since
533 3923 638 3984 nothing
648 3924 677 3973 of
684 3924 750 3972 their
756 3930 811 3975 acts

345 3992 482 4041 remamed.
875 3993 942 4043 'Hic
949 3996 988 4044 uir
998 3990 1118 4064 sonem]
1127 3997 1253 4060 Compare
1261 4001 1305 4051 the

381 4060 505 4112 'Sanctus
513 4060 679 4125 swithune]
687 4063 740 4112 The
748 4064 809 4115 Sar.
837 4064 966 4127 following
984 4071 1093 4115 account
1102 4066 1166 4115 with
1181 4068 1303 4120 Melmsh.

344 4130 437 4183 Chron.
449 4133 535 4195 places
554 4129 594 4178 his
614 4131 689 4180 death
705 4134 808 4194 iu⁷613
835 4133 867 4182 de
892 4134 966 4184 Gest.
989 4136 1095 4199 Pontis,
1117 4138 1222 4200 Scriptt.
1245 4146 1304 4202 post

344 4201 503 4263 Melmsbury
514 4202 540 4249 in
556 4205 604 4250 763
613 4216 621 4262 3
639 4203 759 4252 Florence
775 4218 807 4253 on
836 4203 900 4253 Bed.
914 4219 940 4266 p.
951 4208 1009 4253 att.
