2932 4980
337 456 402 518 166
584 470 717 518 anunm
743 471 791 517 ns
814 471 1024 520 wsnnovns

337 627 462 690 naliter
477 626 732 690 celebrarentur
742 626 870 691 divina.
922 626 1096 691 Successit
1109 626 1142 691 ei
1157 629 1194 691 in
1211 649 1295 710 reg·

338 745 420 789 uum
437 725 686 790 cadwaladrus
714 725 805 789 filius
829 726 916 809 ejus,
931 719 1052 807 ¹quem
1074 726 1177 791 Beda
1199 726 1295 792 Ced-

338 825 476 889 wallam
485 825 650 908 juvenem
665 834 780 900 vocat,
799 825 854 907 cuj
860 844 901 888 us
918 832 1030 889 mater
1042 844 1143 889 soror
1158 825 1294 899 Pendae

338 925 430 1005 regis
468 924 677 988 Merciorum
715 932 802 1000 erat,
839 942 943 1006 quam
979 923 1173 1002 cadwalla,
1209 934 1294 1008 post

339 1022 468 1086 iactam
497 1042 575 1086 cum
606 1023 713 1087 fratre
745 1023 976 1099 concordiam,
1012 1023 1049 1086 in
1086 1025 1293 1089 sacietatem

341 1122 408 1186 tori
443 1123 609 1205 suscepit,
640 1130 677 1186 et
704 1141 750 1185 ex
776 1121 837 1185 illa
868 1121 1147 1186 cadwalladrum
1185 1143 1293 1205 gene·

340 1222 442 1285 ravit.
479 1221 610 1285 Eodem
627 1229 782 1304 tempore
793 1220 880 1285 obiit
891 1214 1100 1303 'Wlpherus
1115 1240 1181 1285 rex
1197 1221 1294 1287 Mer·

339 1320 482 1397 ciorum,
514 1320 613 1404 cujus
642 1321 763 1401 regina
785 1319 1008 1383 Ermenbilda
1038 1320 1131 1401 regis
1159 1320 1293 1386 Ercon·

274 1471 284 1489 .
338 1420 427 1483 berti
456 1419 667 1496 cantuariae,
698 1425 898 1500 sanctaque
923 1416 1116 1501 Sexburgae
1145 1421 1292 1502 reginae,

339 1517 454 1583 Annae
475 1519 567 1599 regis
592 1517 811 1581 orientalium
827 1516 1022 1600 Anglorum
1038 1517 1132 1596 liliae,
1160 1521 1291 1585 suroris

339 1618 501 1681 videlicet
515 1623 647 1680 sanctae
668 1615 893 1694 Etheldridae,
909 1616 1029 1682 extitit
1042 1617 1127 1696 lilia,
1145 1628 1292 1701 peperat

340 1716 372 1778 ei
404 1728 561 1779 sanctam
591 1714 856 1797 wereburgam,
886 1734 1092 1798 magnarum
1117 1717 1291 1800 virginem

340 1815 530 1891 virtutum,
570 1833 648 1896 quae
679 1822 777 1897 patre
815 1813 979 1879 defuncto
1008 1815 1127 1880 seculo
1160 1836 1289 1881 renun-

340 1913 453 1988 tiavit,
477 1920 513 1976 et
535 1920 731 1977 materterae
752 1913 980 1990 matrissuae,
1002 1914 1135 1979 scilicet
1151 1908 1291 1981 ⁸Ethel-

340 2011 460 2089 dridae,
475 2013 723 2075 monasterium
736 2012 893 2077 intravit.
939 2012 1049 2096 Cujus
1065 2015 1289 2080 sanctitatem

340 2128 417 2174 cum
450 2111 677 2193 comperisset
703 2109 915 2174 Athelredus
942 2119 1087 2194 patruus
1111 2113 1203 2196 ejus,
1229 2117 1289 2196 qui

339 2216 420 2292 post
445 2230 523 2273 eum
551 2211 722 2291 regnavit,
739 2210 944 2292 quibusdam
969 2211 1189 2276 monasteriis
1212 2213 1291 2279 Deo

338 2307 542 2373 devotarum
573 2309 747 2389 virginum
778 2309 965 2374 abbatissae
993 2309 1074 2393 jure
1112 2311 1288 2394 praefecit3

338 2427 416 2470 cum
443 2409 569 2489 quibus
594 2408 801 2489 regulariter
823 2408 957 2486 vivens,
980 2427 1090 2491 usque
1114 2410 1159 2474 ad
1186 2411 1289 2476 linem

338 2506 421 2569 vitae
452 2504 592 2569 Gbris'to
621 2507 695 2587 regi
727 2506 902 2583 militavit,
925 2508 1025 2571 acin
1055 2527 1125 2571 uno
1147 2511 1287 2575 tandem

338 2606 624 2667 monasteriorum
635 2624 789 2681 suorum,
806 2606 898 2687 quod
908 2599 936 2640 ⁴⁴
946 2605 1289 2693 Trikingebam'ap·

337 2701 498 2783 pellatur,
521 2720 543 2765 a
558 2704 675 2768 seculo
690 2705 874 2785 migravit3
891 2704 991 2788 cujus
1004 2724 1132 2788 corpus
1154 2708 1200 2772 ad
1214 2728 1287 2774 mu·
1338 2763 1341 2769 .

337 2800 539 2878 nasterium,
554 2803 609 2865 cui
626 2798 1057 2884 ⁶Heanbirigvocabulum
1073 2813 1139 2883 est,
1156 2814 1198 2872 ut
1213 2808 1289 2891 ipsa

337 2899 459 2963 vivens
482 2910 707 2984 praeceperat,
726 2901 879 2966 delatum
905 2911 942 2967 et
959 2903 1146 2969 honorilice
1173 2914 1287 2972 tumu-

336 2998 458 3062 latum.
523 3000 774 3065 Mouasterium
811 3009 928 3066 autem
970 3002 1055 3066 illud
1092 3023 1206 3088 usque
1244 3007 1286 3071 ad

336 3106 473 3180 tempus
491 3118 561 3181 quo
576 3107 698 3181 gentes
721 3099 879 3166 nefandae
894 3102 1074 3166 Danorum
1090 3105 1189 3170 caede
1210 3125 1286 3170 cru·

335 3197 403 3261 deli
425 3199 622 3280 provincias
639 3197 834 3280 Anglorum
850 3209 1089 3278 vastaverunt,
1112 3203 1285 3287 integrum

334 3299 535 3379 permansit.
589 3297 725 3361 Habuit
744 3306 915 3380 praeterea
927 3299 1112 3365 Wlfherus
1127 3323 1195 3367 rex
1209 3324 1284 3387 ger·

367 3483 376 3516 ¹
389 3488 467 3542 Quem
477 3488 548 3536 Beda
560 3488 728 3550 Getarum]
745 3487 798 3537 Ac·
855 3486 866 3517 ⁸
876 3490 1029 3540 Etleldrt'dae
1039 3495 1236 3559 munerans]
1251 3494 1286 3543 At

331 3556 797 3618 cordingtoGeoffrey,‘Eliduulda.'
821 3558 879 3621 lily.
926 3560 974 3610 See
995 3560 1085 3610 Tbern.
1108 3562 1196 3615 Elien.
1217 3564 1285 3614 unt

330 3624 384 3672 The
392 3625 664 3686 Cedwallaspolrenoi
671 3628 705 3688 by
714 3626 795 3689 Beda,
821 3627 872 3678 Eli.
884 3629 962 3691 Angl.
974 3630 1044 3681 saer.
1055 3631 1074 3680 i.
1086 3646 1114 3693 p.
1125 3636 1186 3684 ⁶⁹⁸.

331 3691 675 3823 tltbtssffllffitl‘
697 3696 794 3747 ‘Q'
854 3728 865 3761 ⁴
883 3730 1082 3795 niumm]
1105 3731 1243 3783 naum
1258 3735 1283 3784 a

330 3825 794 3967 „tramittam
819 3800 1283 3935 ldbltallbw

329 3967 393 4017 lives
415 3969 444 4017 of
463 3971 626 4020 Ermenbilda
649 3972 700 4019 and
722 3973 793 4021 Wer-
819 3939 1035 4002 “eml‘sw'
1049 3944 1181 4002 ΨΜ·

329 4037 791 4104 burguareinCapgrave,Nuv.Leg.
853 4037 864 4067 ⁶
886 4039 1062 4105 lienbirig]
1093 4041 1232 4108 Htmburg
1256 4059 1284 4094 ur

328 4108 354 4156 ls.
382 4123 475 4158 cxxxv.
504 4112 601 4159 ccxcix.
657 4111 704 4158 See
738 4112 792 4160 also
819 4109 945 4171 Haubury
963 4111 989 4158 in
1007 4111 1198 4164 sufforusbtm.
1231 4114 1283 4163 ‘l'be

327 4175 497 4238 Mulmsbury,
516 4176 589 4243 §⁷⁶5
609 4179 714 4241 leland,
733 4182 791 4230 Col·
817 4181 907 4230 monks
925 4194 993 4229 ware
1015 4181 1105 4231 driven
1126 4187 1174 4232 out
1193 4185 1227 4247 by
1242 4184 1282 4233 tlte

325 4244 384 4295 lect.
395 4247 423 4296 ii.
436 4261 461 4308 p.
474 4251 514 4296 59.
817 4248 905 4299 Danae
916 4250 942 4299 in
953 4252 1010 4300 8⁷⁶.
