3000 5004
457 496 595 544 nunnus
619 496 888 545 nrsronrnnun.
1089 476 1156 543 393

200 662 235 717 et
258 653 379 717 diebus
399 653 606 737 quindecim.
650 654 720 718 Per
734 655 824 717 idem
841 661 978 737 tempus
996 672 1057 716 rex
1078 650 1153 715 An·
1167 669 1306 759 ἔιοὶἷιιξποιιω

201 753 340 834 glorum
366 752 604 830 EthelstanuS,
628 773 691 835 pro
713 754 829 816 anima
851 753 968 818 fratris
990 754 1045 816 sui
1062 751 1154 817 Ead-
1167 727 1300 812 abierim.

201 854 296 929 wini,
320 872 423 935 quem
445 872 554 935 pravo
581 873 665 915 usus
690 854 834 917 consilio
857 855 893 917 in
917 854 1004 917 mari
1026 852 1155 917 fecerat

201 953 389 1033 submergi,
417 953 486 1017 duo
503 946 689 1028 ¹coenobia,
716 952 994 1016 Middeltonense
1023 960 1058 1016 et
1087 953 1156 1015 Mi·

202 1051 450 1129 cheleneieuse,
486 1052 642 1116 construi
679 1053 844 1134 praecepit
877 1059 913 1115 et
940 1071 982 1116 ea
1014 1052 1154 1134 praediis

201 1151 320 1215 multis
335 1159 370 1215 et
384 1152 659 1234 possessionibus
677 1151 867 1233 ampliavit.

294 1321 345 1386 De
357 1329 452 1386 owrto
467 1321 546 1406 repis
561 1319 738 1385 Etlelstaoi
751 1330 779 1384 ef
792 1322 1049 1403 nwmnowfilii

434 1423 490 1503 [se.
496 1422 635 1505 fratris]
649 1421 712 1505 ejas
724 1420 918 1486 Eodmundi.

253 1545 357 1610 Anno
376 1547 517 1609 Domini
535 1562 713 1609 uccccxn.
740 1544 976 1623 Ethelstanus,
998 1565 1060 1610 rex
1078 1544 1152 1609 An·
1164 1544 1276 1633 3323ss-

202 1646 337 1728 glorum
354 1645 569 1728 magnificus,
584 1664 676 1709 anno
696 1645 795 1727 regni
815 1647 869 1709 sui
885 1654 987 1710 sexto
1006 1647 1150 1724 decimo,
1164 1644 1296 1685 ”ihm

205 1746 296 1827 apud
314 1745 537 1810 Gloverniam
560 1739 666 1808 ²diem
689 1745 815 1809 clausit
837 1753 1028 1809 extremum
1049 1755 1151 1810 sexto

203 1844 369 1909 kalendas
380 1845 599 1909 Novembris.
623 1845 799 1909 Successit
807 1846 838 1908 ei
848 1846 883 1907 in
893 1865 1035 1926 regnum
1045 1847 1153 1910 frater
1163 1849 1292 1940 §pam
1294 1901 1314 1939 n.

203 1945 278 2028 ejus
294 1952 330 2009 et
344 1944 453 2008 haeres
475 1945 650 2027 legitimus
673 1944 908 2020 EadmundnS,
931 1945 1037 2008 fratre
1059 1946 1151 2027 apud

204 2044 482 2108 Malmesberiam
506 2045 676 2108 translato
694 2052 729 2108 et
745 2043 870 2106 ibidem
894 2043 1081 2107 honorifice
1097 2052 1152 2108 tu·

202 2144 346 2222 mulato,
374 2144 433 2206 ubi
456 2144 547 2207 idem
571 2163 634 2207 rex
659 2142 772 2206 adbuc
787 2144 908 2207 vivens
936 2144 1152 2225 sepulturam

203 2244 318 2325 elegit.
386 2243 474 2308 Cum
507 2263 590 2307 vero
629 2262 688 2306 rex
721 2242 947 2306 Eadmundns
976 2243 1152 2324 regalibus

201 2343 395 2426 insignibus
426 2340 550 2427 [esset]
576 2344 794 2419 sublimatus,
824 2343 964 2406 beatum
995 2343 1152 2407 Dunsta·

203 2462 297 2520 num,
326 2462 440 2527 quem,
471 2443 583 2507 adhuc
609 2443 715 2507 fratre
739 2443 936 2525 superstite,
964 2443 1152 2525 probabilis

201 2543 285 2606 vitae
310 2550 345 2606 et
370 2542 499 2626 liuguae
521 2552 668 2607 noverat
693 2542 878 2624 expeditae,
904 2543 976 2606 suis
999 2543 1153 2607 consiliis
1165 2549 1311 2640 gffiffifd

202 2642 369 2706 interesse
415 2643 591 2724 praecepit,
624 2650 664 2706 ut
707 2644 798 2706 inter
830 2642 1005 2725 palatinos
1038 2644 1152 2724 regios

202 2742 444 2823 principesque
474 2748 741 2805 connumeretur
768 2741 919 2822 electus;
942 2741 1042 2825 cujus
1064 2762 1153 2806 non·

203 2841 287 2905 nulli
315 2840 463 2904 militum
495 2848 531 2905 et
560 2842 724 2905 clientum
749 2842 849 2905 bonae
879 2843 1152 2906 conversationis

203 2941 434 3004 constantiam
454 2942 640 3015 intuentes,
656 2940 816 3006 dicebant
833 2941 936 3024 ‘quia
955 2942 1066 3005 bonus
1087 2950 1152 3019 est,

203 3038 262 3103 alii
277 3047 394 3104 autem
409 3061 492 3117 non,
506 3040 566 3105 sed
581 3041 715 3105 seducit
730 3042 848 3104 turbas
860 3040 881 3120 ;'
894 3040 984 3103 unde
999 3040 1152 3122 quidam,

203 3139 279 3222 ejus
303 3140 452 3204 bonitati
470 3148 505 3204 et
524 3140 717 3222 prudentiae
742 3139 935 3204 invidentes
961 3140 1152 3222 depravare

124 3249 127 3254 ’
202 3258 280 3302 eum
302 3247 483 3322 coeperunt
506 3240 542 3303 in
566 3240 675 3304 oculis
700 3240 804 3320 regis,
827 3241 951 3321 quibus
973 3239 1032 3302 ille
1052 3238 1151 3302 favo-

202 3358 286 3415 rem,
315 3359 385 3402 non
410 3360 483 3403 rem
508 3340 594 3403 bene
621 3341 836 3415 examinans,
865 3340 1021 3421 praebens
1043 3339 1152 3422 jussit

202 3437 298 3501 illum
315 3439 408 3502 omni
427 3440 545 3504 statim
563 3440 691 3503 bonore
714 3449 748 3502 et
768 3438 963 3502 cancellarii
981 3438 1152 3519 dignitate

202 3539 345 3617 privari,
360 3548 395 3602 et
405 3539 586 3602 servitium
597 3538 675 3615 sibi,
692 3539 752 3601 ubi
763 3538 878 3615 vellet,
893 3538 976 3600 alibi
994 3537 1149 3620 adipisci.

202 3628 300 3701 ³Rex
321 3659 404 3702 vero
431 3639 486 3702 die
509 3640 663 3703 crastina
684 3639 757 3702 ibat
783 3658 860 3701 cum
880 3638 965 3714 suis,
991 3648 1029 3701 ut
1053 3637 1154 3701 fasti·

238 3808 666 3881 ²Coenobiu.]Middletou,orMil·
689 3814 718 3862 of
737 3813 887 3863 Aethelstan
909 3815 936 3863 iu
958 3814 1000 3863 the
1023 3814 1153 3875 following

201 3878 369 3944 tonAbbot’s,
384 3885 410 3931 in
427 3884 597 3946 Dorsetshire,
615 3885 665 3932 and
689 3899 760 3945 year,
777 3884 824 3932 but
841 3884 1000 3945 llfalmsbnry
1025 3884 1074 3933 und
1095 3884 1154 3932 Flo·

202 3953 357 4016 Micbeluey,
367 3968 396 4002 or
407 3953 562 4016 nucleum,
579 3955 604 4002 in
621 3955 665 4003 So·
688 3969 762 4003 reuce
773 3968 858 4016 agree,
869 3969 936 4004 more
947 3956 1078 4015 correctly‚
1089 3953 1152 4002 with

202 4024 371 4074 mersetshire.
404 4023 484 4072 Much
496 4023 575 4071 doubt
586 4025 665 4072 existe
689 4024 731 4072 the
743 4029 804 4072 text.

202 4109 231 4143 as
253 4099 279 4142 to
301 4095 344 4143 tbe
368 4095 466 4154 precise
488 4092 547 4142 date
569 4092 599 4143 of
623 4093 664 4142 the
724 4090 803 4141 'Rex
814 4109 869 4141 vero
879 4087 942 4161 dia]
959 4091 1012 4140 Tbe
1025 4091 1151 4139 narrative

201 4164 349 4215 foundation
362 4164 390 4212 of
399 4163 469 4211 these
481 4164 653 4211 monasteries.
690 4162 819 4224 following
842 4164 864 4211 is
886 4162 964 4211 found
986 4162 1012 4209 iu
1030 4160 1152 4210 Osberu’s

237 4233 248 4261 ²
259 4236 332 4284 Diem
342 4235 431 4282 clausit
441 4227 599 4300 cebanum]
612 4232 665 4281 The
689 4232 733 4281 life
744 4232 774 4280 of
790 4233 924 4292 Dunstan;
942 4232 1019 4293 Augl.
1035 4231 1105 4280 Saor.
1123 4229 1152 4281 ii.

201 4305 286 4354 Senon
296 4304 431 4355 Chronicle
442 4304 529 4365 places
540 4303 583 4352 the
589 4303 666 4353 death
689 4318 716 4364 p.
730 4306 786 4352 10⁰.
