2932 4980
409 473 474 537 110
662 489 796 538 nocam
821 490 868 535 nn
891 488 1098 537 wnunovnn

411 646 472 710 bat
486 647 634 710 omnium
651 647 886 711 ecclesiarum.
928 644 1137 729 Inpetravit
1151 644 1268 709 etiam
1281 643 1383 710 idem

411 764 504 827 papa
527 764 550 809 a
572 746 719 828 praefato
744 747 900 830 principe
924 745 1089 829 templum
1112 743 1259 821 Romae,
1277 746 1382 828 quod

413 846 604 927 antiquitus
618 838 810 910 ¹Pantheon
826 843 1179 927 vocabatur,eoqnod
1196 844 1252 908 ibi
1262 864 1384 929 quon·

413 943 493 1007 dam
515 946 666 1009 omnium
691 966 759 1009 non
786 946 928 1009 deorum
950 945 1010 1008 sed
1027 944 1228 1008 daemonum
1251 945 1379 1009 cultus

413 1044 592 1123 agebatur.
645 1043 726 1123 Quo
749 1046 947 1129 impetrato,
962 1044 1106 1108 exclusa
1123 1042 1206 1107 inde
1227 1042 1378 1109 diversa

412 1141 673 1207 simulacrorum
698 1144 930 1220 multitudine,
961 1143 1210 1226 omnipotentis
1241 1142 1317 1208 Dei
1339 1154 1375 1209 et

411 1250 543 1305 sanctae
559 1243 702 1324 virginis
718 1242 842 1306 Mariae
855 1242 1076 1326 omniumque
1093 1246 1304 1306 sanctornm
1320 1263 1375 1308 ec·

412 1340 551 1404 clesiam
567 1343 775 1419 construxit,
792 1351 831 1406 ut
847 1343 938 1406 sicut
952 1343 1000 1405 ibi
1016 1341 1192 1424 quondam
1209 1343 1372 1407 omnium

411 1439 658 1505 daemoniorum
683 1442 798 1506 cultus
825 1442 1007 1523 agebatur,
1031 1442 1083 1504 ita
1111 1440 1282 1525 deinceps
1307 1443 1374 1507 ibi·

411 1538 488 1603 dem
504 1541 654 1604 omnium
667 1549 864 1605 sanctorum
883 1540 1050 1606 memoria
1063 1540 1266 1606 haberetur.

692 1714 742 1777 De
755 1712 876 1798 rupibus
889 1712 1074 1798 duplorum.

273 1883 277 1891 .
355 1881 361 1894 .
456 1832 560 1899 Anno
574 1837 697 1917 gratiae
711 1853 798 1900 ocX.
813 1837 975 1901 defuncto
985 1835 1165 1912 Ceolwlfo,
1177 1856 1266 1919 rege
1277 1840 1372 1905 occi·

348 1981 354 1992 .
413 1932 601 1998 dentalium
618 1935 808 2012 Saxonum,
823 1936 983 2018 regnavit
996 1956 1060 2019 pro
1076 1956 1119 2000 eo
1134 1929 1373 2022 'Kinegilsus

413 2033 504 2097 lilius
533 2033 649 2098 Coelae
683 2037 829 2117 triginta
854 2043 981 2100 etune
1008 2036 1121 2099 annis.
1174 2034 1374 2120 Regnabat

412 2131 477 2197 boc
498 2141 650 2216 tempore
667 2135 702 2197 in
720 2134 853 2198 Mercia
866 2128 1017 2212 ³Penda,
1032 2136 1067 2198 in
1086 2154 1196 2224 regno
1214 2140 1376 2203 orienta-

411 2231 495 2295 lium
520 2232 713 2314 Anglorum
741 2232 988 2312 Reodwaldus‚
1015 2235 1051 2297 in
1083 2233 1214 2299 Cantia
1240 2234 1372 2302 Athel-

412 2331 543 2408 bertus‚
557 2333 592 2394 in
605 2332 783 2396 Est-saxia
795 2333 971 2411 Sebertns,
985 2333 1021 2396 in
1039 2333 1074 2397 N
1076 2332 1376 2402 orthanhnmhria

414 2429 626 2494 Ethellridus
642 2434 811 2513 superbus
826 2440 861 2495 et
876 2452 977 2496 vanae
995 2433 1115 2514 gloriae
1131 2434 1298 2516 cupidus.

704 2604 754 2667 De
768 2603 881 2686 syuodo
897 2603 932 2667 iu
947 2603 1060 2668 Italia.

462 2723 565 2787 Anno
587 2725 710 2805 gratiae
737 2726 1062 2791 ncx1.Bonilacius
1085 2746 1190 2810 papa,
1217 2748 1377 2815 congre-

337 2826 343 2837 ‘
411 2831 497 2905 gata
512 2818 663 2906 ⁴synodo
680 2824 716 2886 in
740 2825 857 2902 Italia,
874 2845 992 2889 mense
1016 2827 1295 2904 Mauretania
1319 2834 1376 2897 vi·

414 2923 537 2988 delicet
562 2924 617 2987 die
638 2925 778 3001 mensis,
793 2925 904 2989 multa
925 2926 970 2988 ad
994 2926 1183 2990 utilitatem
1207 2930 1378 2997 ecclesia

411 3025 545 3088 statuit.
593 3022 756 3086 Interfuit
780 3032 895 3087 autem
921 3024 1091 3103 Mellitus‚
1107 3025 1376 3095 londoniensis

411 3124 606 3206 episcopuS,
630 3123 674 3185 ab
700 3122 956 3206 archiepiscopo
983 3124 1247 3190 Dorobernensi
1275 3128 1378 3194 Lau·

411 3224 523 3286 rentio
545 3222 751 3298 destinatus,
771 3229 811 3284 ut
833 3222 972 3286 decreta
994 3224 1118 3305 synodi
1143 3224 1376 3293 Britanniam

411 3320 548 3385 rediens
573 3320 728 3386 ecclesiis
754 3320 949 3401 Anglorum
979 3323 1144 3401 traderet,
1173 3331 1209 3388 et
1241 3329 1378 3393 summi

445 3500 453 3533 ¹
465 3502 614 3564 Panthera]
632 3502 704 3550 Built
714 3502 748 3563 by
756 3503 872 3564 Agrippa
898 3503 1213 3567 Georl,hissnccessor,in
1222 3511 1377 3568 dumba

409 3586 459 3624 tac.
471 3577 512 3633 25,
524 3587 581 3621 now
589 3572 722 3620 knownas
738 3567 872 3633 ‘L'Egliae
898 3573 987 3622 Panda
1014 3575 1131 3624 received
1156 3574 1200 3624 the
1234 3576 1378 3642 kingdom.

408 3643 441 3691 de
453 3641 533 3690 Notre
545 3642 627 3689 Darne
638 3640 670 3687 de
681 3641 707 3689 la
719 3638 851 3692 Rotonde.'
898 3643 950 3691 But
961 3642 1011 3692 this
1022 3645 1110 3693 would
1125 3644 1183 3707 give
1198 3644 1246 3695 the
1264 3648 1348 3700 latter
1361 3667 1378 3701 a

443 3707 455 3740 ¹
467 3708 690 3772 Kinegilrurfllius
702 3711 802 3774 ceole]
818 3711 871 3760 The
896 3714 968 3774 reign
979 3713 1008 3762 os
1015 3713 1130 3774 fifty-one
1140 3728 1227 3777 years,
1242 3717 1273 3767 in
1284 3719 1377 3772 which

409 3777 492 3828 father
503 3778 531 3826 ol
539 3778 782 3839 Cynegilsiscalled
792 3780 871 3830 above
896 3796 943 3830 our
963 3783 1054 3831 author
1076 3785 1098 3832 is
1120 3784 1198 3832 borne
1216 3792 1271 3837 out
1287 3789 1326 3853 hy
1343 3806 1378 3841 ne

410 3848 551 3899 Ceolricua.
587 3847 629 3895 He
646 3848 669 3894 is
685 3850 767 3898 called
778 3850 872 3900 Ceolns
896 3851 967 3899 other
977 3851 1107 3901 historian.

408 3918 444 3979 by
464 3917 584 3966 Florence
608 3918 657 3966 and
680 3919 705 3967 in
725 3920 767 3967 the
786 3920 870 3969 Saron
930 3917 1080 3989 ⁴Syuodo.]
1109 3920 1163 3970 The
1185 3926 1246 3973 acts
1271 3927 1305 3978 oi
1323 3929 1379 3980 this

408 3987 552 4039 Chronicle.
896 3992 994 4039 council
1018 4006 1061 4039 are
1084 3990 1185 4052 printed
1211 3994 1251 4055 by
1276 3996 1381 4063 Manet,

443 4055 572 4119 Ῥοιὼ]
589 4056 733 4119 According
751 4062 777 4106 tc
795 4057 870 4106 Wen·
897 4059 1001 4109 Collect.
1021 4061 1145 4121 Ampliss.
1168 4060 1241 4113 Nov.
1264 4072 1331 4118 tom.
1350 4086 1379 4121 ι,

407 4122 505 4177 dorer’e
527 4127 688 4188 chronology,
710 4126 761 4174 this
782 4128 870 4176 would
896 4143 921 4188 p.
936 4134 992 4177 5⁰5.
1027 4129 1117 4179 ltwas
1133 4129 1195 4178 held
1212 4139 1261 4183 not
1280 4153 1317 4188 on
1333 4140 1379 4191 the

407 4198 438 4247 be
459 4202 564 4257 correct,
586 4210 615 4245 as
633 4197 665 4244 he
685 4196 769 4244 before
792 4201 869 4245 states
896 4197 963 4247 third
974 4200 1034 4261 day,
1046 4200 1092 4247 but
1102 4214 1135 4248 on
1146 4199 1192 4250 the
1204 4202 1282 4255 third
1293 4209 1380 4261 ottho

406 4267 500 4316 wibba
514 4271 540 4315 to
557 4266 622 4317 hare
633 4265 693 4315 died
705 4267 732 4315 in
743 4270 802 4329 ⁵⁹4,
818 4268 869 4316 and
895 4268 998 4318 calenda
1009 4268 1038 4318 of
1049 4268 1151 4332 March,
1160 4272 1195 4319 2⁷
1208 4272 1280 4328 Feb.
1291 4282 1356 4331 ulo,
