3000 5004
463 472 603 520 neonus
627 473 897 522 ursaonmnuu.
1088 458 1154 522 373

202 646 264 708 per
283 625 461 690 dimidium
485 628 569 690 anni
591 628 768 706 circulum,
786 631 985 711 significans
1005 630 1153 695 sortasse
1165 648 1246 688 οοιιιοι

203 726 342 788 nimiam
366 727 545 806 sanguinis
563 727 761 791 effusionem
782 737 817 791 et
840 730 1058 806 occisionem,
1074 749 1152 811 quae

201 825 306 905 paulo
324 833 403 906 post
418 826 454 887 in
470 824 590 907 praelio
604 827 694 890 inter
712 828 832 891 Dauos
853 836 887 891 et
905 827 1040 909 Anglos
1055 829 1152 892 dam-

202 943 284 987 nose
309 924 492 987 commissa
517 933 581 1001 est,
604 927 641 988 in
664 946 733 1008 quo
754 927 934 1009 utriusque
960 929 1075 1010 gentis
1101 936 1153 992 tot

202 1023 335 1086 nobiles
351 1030 566 1086 corruerunt.

230 1193 272 1257 Ut
289 1214 342 1257 ree
354 1195 558 1260 Eadwardus
564 1197 675 1281 plures
690 1197 822 1282 reyioaee
836 1195 897 1261 aidi
910 1195 1129 1283 sudjcpaverit.
1162 1200 1170 1214 “

252 1316 357 1380 Anno
382 1317 524 1381 Domini
546 1334 723 1382 nccccvu.
744 1337 806 1380 rex
831 1318 1034 1399 magnificus
1061 1317 1275 1379 End-anaor.

202 1416 352 1491 wardus,
370 1425 583 1498 congregato
597 1416 752 1479 exercitu
766 1417 918 1498 copioso,
935 1410 1153 1499 ¹subjugarit
1164 1390 1283 1479 illidii?
1294 1390 1319 1430 ⁰¹

199 1515 265 1578 sibi
289 1515 538 1591 East·sexiam,
559 1515 830 1596 Eam-angliam,
851 1515 1031 1591 Merciam,
1054 1514 1089 1578 N
1092 1535 1150 1578 or·

202 1613 478 1677 thanhumbriam
499 1634 576 1677 cum
597 1614 714 1676 multis
738 1613 816 1676 aliis
840 1614 1041 1695 provinciis
1063 1632 1151 1696 quas

204 1712 298 1775 Dani
319 1713 429 1776 multo
457 1721 610 1794 tempore
637 1711 874 1794 possederant,
902 1720 937 1776 et
963 1732 1081 1775 omnes
1107 1732 1151 1775 ex

203 1830 322 1874 eorum
363 1812 513 1875 dominio
550 1819 708 1893 potenter
744 1812 918 1890 extorsit3
971 1810 1152 1875 Scotorum

203 1911 320 1986 etiam,
346 1909 573 1973 Cumbrorum
602 1917 638 1973 et
667 1909 951 1986 Galwalensium,
982 1911 1152 1973 omnium·

203 2027 270 2089 que
291 2008 556 2073 occidentalium
579 2009 762 2072 Britonum
790 2008 875 2070 fines
900 2015 935 2071 et
962 2028 1077 2071 eorum
1100 2028 1154 2070 re·

203 2126 265 2187 ges
285 2108 321 2169 in
343 2107 551 2171 deditionem
576 2108 722 2189 accepit,
746 2113 782 2169 et
806 2108 856 2169 sic
880 2125 959 2168 cum
982 2105 1094 2187 gloria
1118 2113 1153 2168 et

204 2204 334 2270 honore
352 2207 395 2270 ad
411 2207 554 2289 propria
567 2205 745 2269 remeavit.

381 2376 502 2441 Civitas
517 2374 752 2462 Lepecedreasis
768 2387 972 2442 restauratur.

253 2497 357 2563 Anno
377 2500 519 2564 Domini
543 2518 734 2565 nccocvru.
761 2503 885 2566 civitas
909 2502 1276 2584 Legecestren·r.n.ra.

1166 2572 1272 2612 Lelcerter
1372 2591 1378 2604 ·

203 2598 264 2673 sis,
289 2618 368 2680 quae
397 2599 575 2663 Danorum
606 2601 802 2664 incursione
827 2601 1004 2665 destructa
1030 2602 1252 2676 lucraturum.

204 2696 423 2762 solicitudine
447 2699 636 2776 Ethelredi,
659 2699 756 2763 ducis
787 2699 1009 2777 Merciorum,
1035 2709 1070 2765 et
1094 2700 1154 2763 El·

205 2794 303 2858 iledae
321 2797 441 2860 uxoris
460 2798 547 2881 ejus,
563 2806 759 2862 restaurata
774 2806 839 2862 est.

346 2967 388 3032 Ut
403 2989 457 3032 ree
471 2969 674 3032 Eodwnrdue
690 2969 842 3032 Norenses
857 2969 1017 3032 domuerit.

255 3090 360 3155 Anno
382 3092 524 3155 Domini
549 3109 719 3156 nccccrx.
741 3112 803 3156 rex
827 3092 1041 3157 Eadwardns
1062 3091 1156 3154 misit
1168 3112 1277 3200 pm.

203 3184 476 3271 expeditionem²
508 3190 691 3254 militarem
730 3193 765 3253 in
800 3190 1155 3254 Northanhumbriam
1168 3211 1276 3299 'ffll'm

203 3298 326 3353 contra
348 3289 469 3353 Danos
494 3289 619 3353 ibidem
644 3289 864 3364 rebellantes
888 3308 974 3371 quos
999 3310 1060 3371 per
1081 3289 1260 3351 diesnermn

203 3388 273 3451 fere
308 3381 540 3470 quadraginta
568 3388 752 3451 crudeliter
789 3377 1033 3470 persequentes
1067 3388 1155 3468 regii

204 3487 343 3564 milites,
361 3487 487 3550 multos
509 3507 554 3550 ex
577 3488 627 3549 eis
649 3486 896 3550 interemerunt
917 3495 952 3551 et
972 3485 1156 3568 nonnullos

204 3593 325 3668 captos
344 3587 490 3668 turpiter
507 3585 738 3648 abduxerunt.

240 3851 248 3881 ¹
259 3852 409 3914 Suffiugrnit
419 3851 467 3899 sibi
476 3842 665 3916 narr-axiam]
691 3849 756 3898 nicle
768 3849 819 3896 and
828 3848 948 3896 Florence
959 3848 985 3895 in
996 3847 1047 3896 this
1057 3861 1127 3908 year.

203 3924 246 3973 No
265 3924 347 3972 notice
369 3921 399 3969 or
416 3921 488 3970 these
506 3919 666 3980 expeditione
729 3915 946 3980 ²Expeditioaem
973 3917 1105 3965 militarem
1128 3915 1155 3963 in

203 4007 293 4042 occurs
315 3993 342 4039 in
364 3991 406 4039 the
424 3991 496 4038 other
513 3988 666 4049 historians;
694 3982 973 4053 Northuaturntriom]
986 3986 1155 4044 accordingto

204 4077 236 4111 on
247 4062 289 4110 the
300 4065 427 4120 contrary,
433 4060 476 4108 the
487 4073 565 4120 peace
571 4057 600 4106 of
608 4057 667 4105 Iclr-
692 4057 735 4105 the
759 4056 940 4105 abovenamed
954 4054 1113 4113 authorities,
1129 4054 1155 4099 in

202 4132 258 4182 iord
269 4132 292 4180 is
303 4129 394 4193 placed
405 4130 439 4190 by
448 4129 489 4178 the
498 4129 582 4178 saxon
590 4127 668 4176 Chro-
693 4125 735 4175 the
747 4126 877 4188 following
888 4139 957 4186 year.
