3000 5004
486 472 625 521 neonus
649 475 918 525 ursronrnnuu.
1110 463 1176 528 309

223 630 372 694 moriens
413 640 449 695 et
479 633 595 714 patria
624 634 722 697 miles
755 653 892 716 possem
926 633 998 697 fiori
1029 635 1173 717 signifer

224 729 333 811 Regis
348 732 494 795 aeterni?

273 829 339 892 Cui
361 831 519 908 antistes,
543 831 663 909 ‘Quos
688 832 773 908 rex,'
793 833 918 915 inquit,
934 838 944 866 ‘
959 833 1042 896 mibi
1065 833 1170 898 dilec-

220 928 364 1005 tissime,
395 937 497 1011 optas
532 931 655 1013 patriae
689 933 893 1013 superstites
932 932 1069 1009 habere,
1102 935 1169 998 nisi

218 1026 312 1108 sugae
342 1029 503 1109 praesidio
535 1031 782 1112 praecaveritis,
811 1031 958 1095 aderunt
987 1031 1168 1098 confestim

218 1127 412 1209 proditores
427 1128 578 1206 nefandi,
596 1131 654 1210 qui
677 1137 712 1192 te
734 1148 812 1192 cum
832 1130 894 1192 tibi
915 1129 1081 1211 subjectis
1103 1150 1166 1195 au-

218 1225 307 1289 ferre
323 1226 366 1289 de
380 1226 492 1291 medio
509 1225 748 1292 conabuntur!
798 1227 848 1292 At
862 1248 924 1291 rex
938 1229 1164 1293 clementissi·

217 1344 306 1402 mus,
321 1324 426 1389 ‘Hoc
448 1325 523 1403 est‚’
539 1328 664 1409 inquit,
681 1327 795 1410 ‘quod
817 1328 909 1391 votis
929 1328 1087 1391 omnibus
1104 1348 1166 1392 an·

219 1430 359 1506 tepono,
376 1444 419 1488 ne
443 1427 612 1508 supersim
633 1426 718 1489 meis
741 1425 898 1489 fidelibus
920 1434 956 1490 et
977 1427 1164 1492 carissimis

217 1524 348 1598 amicis,
372 1543 460 1606 quos
485 1524 611 1589 furtive
631 1526 745 1608 pirata
764 1525 912 1606 perdidit
926 1525 1162 1606 truculentus3

216 1630 252 1686 et
265 1622 403 1705 quidem
425 1625 595 1705 suggeris,
611 1632 650 1687 ut
667 1623 787 1705 gloriae
808 1632 937 1687 nostrae
962 1623 1090 1688 crimen
1110 1626 1162 1688 iu-

217 1720 337 1797 feram,
350 1723 410 1805 qui
419 1742 595 1804 nunquam
609 1722 740 1786 militiae
754 1725 881 1805 probra
895 1723 1072 1805 bucusque
1086 1743 1162 1788 sus·

217 1820 313 1884 tinui.
366 1821 430 1884 Est
446 1841 583 1903 quoque
610 1822 692 1884 mihi
722 1841 826 1903 super
847 1822 911 1885 boc
936 1823 1066 1887 arbiter
1082 1822 1161 1887 Rex

215 1920 376 1994 caelestiS,
406 1921 498 2002 quod
533 1921 648 1984 nullus
671 1941 725 1985 me
752 1922 974 1985 barbarorum
1000 1929 1111 1985 motus
1141 1943 1162 1986 a

214 2021 358 2083 caritate
377 2018 506 2083 Christi
526 2021 599 2085 sive
613 2022 741 2096 vivum,
760 2021 834 2083 sive
859 2028 1043 2096 mortuum,
1060 2041 1161 2103 sepa·

215 2118 329 2182 rabit.'
374 2119 474 2181 Tunc
496 2138 682 2183 conversus
700 2118 744 2182 ad
759 2118 918 2182 nuntium
942 2119 1161 2183 beatissimus

214 2237 277 2280 rex
312 2216 548 2295 Eadmundus,
582 2219 642 2301 qui
677 2219 720 2281 ab
760 2216 924 2298 Hinguar
958 2218 1160 2299 impiissimo

215 2315 328 2379 fuerat
353 2317 558 2395 destinatus,
581 2316 850 2391 ‘madefactus’
866 2315 992 2398 inquit,
1016 2322 1160 2382 ‘cruore

212 2433 366 2479 meorum
390 2416 510 2480 mortis
537 2416 707 2499 supplicio
732 2416 859 2497 diguus
883 2416 1070 2495 existeres3
1098 2417 1160 2480 sed

212 2512 343 2578 Christi
359 2516 426 2578 mei
442 2516 638 2598 exemplum
659 2515 836 2591 imitatus,·
845 2514 876 2577 si
889 2516 940 2578 ita
963 2515 1159 2597 contigerit,

212 2632 275 2694 pro
300 2613 377 2695 ipso
398 2613 546 2678 libenter
564 2615 651 2678 mori
668 2614 807 2677 minime
829 2615 1057 2695 pertimes003
1081 2614 1158 2677 red·

210 2711 285 2775 iens
311 2732 392 2776 vero
415 2713 459 2776 ad
481 2713 657 2777 dominum
686 2722 784 2777 tuum
813 2713 971 2790 festinuS,
1004 2733 1080 2778 mea
1107 2714 1159 2777 illi

210 2830 376 2894 responsa
401 2812 562 2894 perferto.
616 2806 830 2876 ¹'l'hesauros
848 2831 985 2895 quoque
1008 2820 1157 2888 nostros,

209 2929 297 2993 quos
312 2911 411 2975 uobis
435 2912 583 2975 contulit
596 2911 714 2975 divina
728 2911 959 2993 providentia,
977 2909 1051 2973 sive
1068 2911 1156 2974 divi-

211 3008 291 3085 tias,
306 3010 335 3072 si
351 3018 510 3092 potenter
524 3011 703 3092 surripias,
718 3029 773 3073 me
795 3016 910 3073 tamen
925 3017 995 3072 tuae
1011 3009 1156 3071 infideli·

209 3109 276 3173 tati
300 3129 370 3173 non
392 3110 565 3192 subjicies
584 3109 766 3173 honestum
780 3116 833 3171 est
849 3110 939 3170 enim
954 3114 1155 3189 perpetuam

208 3206 390 3272 defendere
418 3208 612 3272 libertatem
643 3208 744 3272 simul
772 3206 920 3288 fideique
956 3207 1155 3287 puritatem,

207 3325 271 3389 pro
287 3308 413 3390 quibus
435 3308 552 3384 etiam,
570 3309 600 3371 si
624 3325 764 3370 necesse
780 3311 846 3381 est,
861 3306 1063 3368 occumbere
1086 3325 1155 3368 non

206 3406 329 3468 inutile
344 3414 556 3488 reputamus.
609 3406 733 3488 Igitur,
747 3412 787 3467 ut
803 3404 909 3485 coepit
924 3411 985 3467 tua
1006 3405 1156 3486 superba

205 3503 337 3581 feritas,
354 3512 434 3587 post
450 3506 597 3569 famulos
612 3525 728 3587 regem
740 3503 878 3588 jugula,
895 3502 1058 3583 quoniam
1081 3502 1156 3567 haec

206 3603 327 3667 videns
344 3603 423 3667 Rex
439 3625 558 3686 regum
577 3625 631 3669 me
653 3606 688 3667 in
711 3603 832 3667 caelum
848 3602 1033 3666 transferet
1054 3611 1155 3667 aetor-

203 3703 329 3765 naliter
344 3703 591 3785 regnaturum?
614 3753 616 3757 .

239 3967 247 3997 ¹
269 3966 402 4015 Thesauros
430 3981 521 4029 quoque
548 3964 667 4026 nostros]
694 3964 855 4013 Christianus
868 3978 912 4010 rex
924 3964 1090 4012 Eadmundus
1107 3979 1155 4012 non

203 4036 258 4084 Tbe
276 4051 385 4097 answer‚
396 4037 532 4096 according
543 4039 569 4082 to
581 4035 668 4081 Brom·
694 4034 786 4081 subdet
797 4048 824 4081 se
836 4047 935 4093 pagano
945 4033 1014 4087 duci,
1027 4034 1074 4080 nisi
1085 4034 1156 4093 prius

201 4110 254 4167 ton,
270 4120 325 4154 was
348 4121 377 4155 as
399 4105 518 4155 follows:
543 4104 668 4152 ‘Noveris
694 4103 799 4151 effectus
819 4103 895 4150 suerit
906 4101 1065 4150 Christianus
1073 4097 1091 4161 ;'
1109 4101 1160 4149 col.

202 4175 271 4236 quod
288 4191 333 4236 pro
351 4191 434 4225 amore
445 4177 505 4224 vitae
524 4173 669 4235 temporalis
693 4176 750 4221 805.
