3000 5004
475 408 615 456 snonss
639 408 908 457 ursromsnuu.
1124 392 1167 455 97

213 562 498 645 quadragesimus
515 567 695 648 septimus,
711 587 755 630 ex
770 587 840 649 quo
855 565 993 630 Horsus
1016 574 1052 630 et
1066 566 1165 631 Hen-

212 661 326 740 gistus
349 664 474 728 fratres
500 674 670 729 venerunt
699 667 735 729 in
766 667 997 741 Britanniam,
1022 674 1061 730 ut
1088 687 1165 744 earn

212 761 452 844 subjugarent,
468 758 611 829 ¹missus
636 774 688 829 est
712 785 833 830 servus
857 767 923 829 Dei
943 763 1163 846 Augustinus
1178 782 1326 824 unauna.

212 878 233 921 a
261 861 364 926 beato
394 884 487 947 papa
512 864 684 946 Gregorio
709 866 745 928 in
772 865 991 929 Britanniam
1017 873 1056 929 ut
1082 867 1161 929 bar·
1175 833 1301 883 *mm

211 959 304 1024 barae
330 966 427 1043 genti
449 964 643 1046 Anglorum
672 966 812 1028 verbum
839 966 905 1029 Dei
934 965 1159 1047 praedicaret;

211 1058 282 1140 qui,
301 1081 440 1143 pagana
462 1065 707 1147 superstitione
730 1065 866 1139 coecati,
889 1071 1000 1129 totam
1017 1064 1162 1130 Christi·

212 1159 378 1224 anitatem
406 1164 607 1227 deleverant
631 1165 667 1227 in
693 1163 755 1227 illa
779 1172 878 1246 parte
909 1163 1032 1227 insulae
1057 1184 1162 1246 quarn

211 1256 395 1325 habebant.
430 1262 474 1326 In
490 1271 589 1345 parte
605 1282 687 1327 vero
705 1264 887 1327 Britnnum
902 1262 1015 1325 adhuc
1031 1261 1160 1327 Christi

212 1356 296 1420 fides
313 1361 465 1442 vigebat,
482 1382 573 1445 quae,
589 1382 681 1426 anno
704 1362 896 1426 Dominicae
912 1363 1160 1426 incarnationis

210 1449 415 1524 ²centesimo
441 1462 729 1544 quinquagesimo
751 1463 898 1544 septimo
924 1461 1056 1538 habita,
1070 1481 1159 1524 nun·

210 1574 313 1637 quarn
336 1559 427 1623 inter
447 1580 508 1624 eos
529 1561 666 1626 defecit.
711 1561 775 1626 Est
798 1569 914 1625 autem
939 1560 984 1624 ad
1009 1562 1159 1625 orienta-

210 1653 276 1718 lem
305 1657 440 1723 Cantiae
463 1661 603 1743 plagam
618 1659 795 1724 Thanetos
811 1661 936 1737 insula,
961 1661 998 1723 iu
1019 1680 1089 1742 qua
1106 1661 1160 1724 vir

212 1753 279 1818 Dei
297 1755 516 1838 Augustinus
541 1770 576 1824 et
598 1761 684 1824 socii
703 1760 779 1843 ejus
797 1754 1066 1842 ³applicuerunt,
1082 1760 1159 1835 viri,

211 1862 250 1916 ut
277 1854 406 1934 serunt,
434 1859 540 1924 ferme
570 1860 823 1943 quadraginta3
857 1867 894 1924 et
922 1859 1062 1922 mittens
1088 1852 1158 1922 ⁴in·

207 1959 376 2036 terpretes
402 1959 446 2022 ad
470 1979 586 2040 regem
604 1958 859 2034 Athelbertum,
881 1958 1060 2022 mandavit
1082 1977 1158 2022 sese

208 2051 251 2116 de
279 2054 394 2121 Roma
424 2060 559 2122 venisse
595 2077 636 2121 ac
670 2058 828 2121 nuntium
861 2058 949 2121 ferre
976 2057 1157 2140 optimum,

208 2153 300 2233 quod
323 2157 390 2220 sibi
412 2159 729 2240 obtemperantibus
749 2165 879 2220 aeterna
903 2157 1053 2220 incaelis
1073 2176 1158 2238 gau·

208 2250 266 2315 dia
295 2257 531 2337 promittebat.
582 2256 673 2320 Haec
701 2256 843 2319 audiens
873 2275 936 2319 rex
961 2250 1059 2337 ⁶post
1084 2256 1157 2320 dies
1171 2276 1286 2316 rutenae

207 2370 338 2433 paucos
358 2357 453 2420 venit
473 2355 517 2419 ad
539 2356 700 2433 insulam,
725 2364 772 2430 et,
795 2355 949 2420 residens
974 2357 1039 2419 sub
1065 2355 1157 2434 divo,
1169 2326 1320 2418 dllt.“⁰'¹¹⁰¹'

203 2450 312 2532 jussit
334 2453 570 2536 Augustiuum
602 2476 679 2520 cum
701 2454 804 2519 sociis
833 2455 878 2518 ad
904 2475 1004 2518 suum
1031 2455 1157 2519 ibidem

207 2551 418 2636 colloquium
440 2555 570 2620 venire.
621 2554 673 2619 At
697 2554 749 2618 illi
771 2554 891 2618 divina
915 2556 1044 2618 virtute
1070 2575 1158 2637 prae·

207 2648 272 2715 diti
297 2654 483 2719 veniebant
513 2674 649 2720 crucem
682 2674 745 2737 pro
774 2653 904 2718 vexillo
935 2655 1094 2730 ferentes,
1122 2664 1157 2718 et

206 2747 392 2832 imaginem
408 2754 551 2818 Domini
577 2754 770 2818 Salvatoris
790 2754 825 2816 in
845 2754 966 2817 tabula
985 2754 1157 2835 depictam

240 2930 584 3000 'Misrss...,lsgnstinas.]
594 2938 669 2998 Upon
729 2934 953 3000 'Applicuerunt.]
971 2935 1116 2997 According
1131 2942 1157 2984 to

204 3002 247 3052 the
258 3004 317 3054 date
336 3006 365 3055 ol
372 3007 540 3069 Augustine's
556 3007 670 3067 mission,
693 3006 787 3067 Theru,
804 3012 831 3054 at
846 3022 863 3055 a
879 3007 952 3068 place
967 3004 1049 3053 called
1068 3004 1156 3053 Retes·

206 3073 291 3122 which
306 3089 388 3126 seerm
402 3081 428 3125 to
446 3076 669 3137 besatissactorily
694 3076 802 3137 bonrgh,
824 3091 853 3124 or
880 3073 1068 3134 Richborough,
1095 3088 1157 3123 near

204 3144 360 3193 established
379 3161 409 3195 as
428 3146 522 3208 haring
547 3145 668 3194 occurred
693 3144 839 3205 Ssudwich,
859 3145 942 3193 where
960 3159 976 3192 a
992 3142 1083 3204 chapel
1100 3159 1155 3192 was

206 3211 234 3261 iu
255 3213 306 3262 this
326 3216 407 3277 reign,
422 3216 465 3264 the
483 3215 572 3264 render
589 3216 611 3263 is
630 3230 669 3263 rs-
693 3214 759 3262 built
780 3215 806 3261 in
827 3213 1045 3262 commemoration
1062 3212 1091 3260 ol
1113 3212 1155 3263 the

203 3280 288 3332 sarred
312 3287 339 3331 to
359 3285 436 3348 Pagi,
458 3285 551 3334 Baron.
574 3285 668 3334 Annal.
693 3288 776 3343 event,
793 3284 820 3330 in
838 3281 922 3330 which
939 3283 981 3330 the
1003 3283 1057 3330 tirst
1075 3287 1155 3344 stone,

203 3365 246 3402 au.
258 3357 316 3417 596,
326 3354 340 3417 t
351 3355 386 3405 iv.
693 3353 797 3414 bearing
807 3352 850 3400 the
867 3352 919 3399 first
929 3350 1064 3400 loct-mark
1075 3351 1104 3400 ol
1112 3352 1153 3400 the

692 3422 768 3483 saint,
790 3436 844 3471 was
872 3420 1012 3481 deposited.
1049 3422 1151 3482 Scriptt.

240 3488 252 3518 ¹
263 3493 398 3542 &atesim
407 3493 605 3558 qaiupmesimo
615 3506 668 3555 sep-
692 3491 757 3541 Dec.
768 3490 817 3540 col.
829 3495 902 3539 llos.

205 3559 286 3625 tissa]
303 3563 334 3611 In
351 3562 394 3611 the
410 3565 501 3613 earlier
512 3570 569 3624 part
585 3562 614 3611 oi
627 3562 667 3610 his
727 3559 918 3623 Uoluptate]
936 3558 1009 3607 Beda
1024 3573 1083 3620 says
1094 3559 1154 3621 the'y

204 3629 330 3680 chronicle
348 3632 490 3682 Wendorer
511 3634 558 3682 has
576 3633 667 3694 placed
692 3645 759 3680 were
787 3631 839 3679 ‘de
867 3633 940 3691 gente
969 3629 1120 3678 Francorum
1133 3630 1155 3688 ς’

204 3699 247 3748 the
269 3702 416 3751 conversion
435 3702 465 3751 oi
484 3703 590 3763 Lucius,
607 3702 666 3751 here
691 3699 754 3748 from
766 3700 850 3749 which
861 3700 912 3748 Mr.
924 3700 1061 3747 Stevensou
1077 3698 1154 3748 infers

202 3769 308 3819 alludsd
326 3776 363 3833 to,
379 3772 462 3820 under
479 3773 521 3821 the
538 3786 599 3832 year
610 3775 667 3834 1⁸³,
691 3769 733 3818 the
744 3771 877 3831 similarity
889 3769 918 3818 ol
932 3769 974 3817 the
989 3768 1086 3817 Frencb
1102 3769 1152 3818 aud

203 3839 246 3888 the
264 3840 324 3890 dats
346 3841 463 3890 ascribed
484 3846 510 3890 to
531 3841 573 3889 the
597 3855 666 3889 same
692 3837 1153 3902 Kentishlaugusgesatthstperiod.

202 3913 278 3958 esent
294 3911 350 3959 also
368 3911 403 3972 by
420 3910 555 3960 Baronins.
591 3910 666 3971 Upon
692 3908 833 3970 ueu.§us.

202 3979 254 4028 this
273 3995 334 4041 very
353 3980 470 4029 doubtful
493 3980 572 4042 point,
595 3977 666 4026 how·
728 3974 818 4025 ‘Post
836 3977 889 4025 dier
904 3969 1015 4043 ρωποι]
1032 3975 1094 4023 This
1110 3990 1152 4023 ac-

202 4062 272 4109 srsr,
289 4048 331 4098 the
347 4050 438 4099 resder
453 4049 540 4099 would
558 4049 591 4096 do
607 4048 667 4096 well
691 4050 769 4095 count
785 4046 814 4095 of
827 4047 870 4095 the
889 4045 1021 4094 interview
1038 4045 1153 4092 between

202 4123 229 4167 to
247 4119 348 4168 consult
365 4118 408 4169 the
427 4120 496 4169 third
515 4118 565 4167 and
582 4117 666 4166 fourth
692 4115 856 4164 Aethelberht
886 4115 937 4163 and
960 4113 1104 4176 Augustius
1130 4114 1153 4161 is

201 4187 319 4249 chapters
330 4189 359 4238 os
367 4189 486 4240 Ussher's
497 4188 648 4238 Primordia.
692 4186 766 4248 given
774 4185 800 4234 in
811 4185 853 4233 the
864 4185 949 4233 words
959 4183 989 4233 ol
998 4183 1079 4245 Beda,
1089 4182 1153 4244 too.

255 4279 336 4329 vob.
351 4280 377 4329 l.
977 4275 1002 4319 Η
