3000 5004
462 421 601 470 eronus
625 422 896 473 ursronmnuu.
1109 406 1155 470 63

1021 512 1036 537 .

200 581 317 656 britio,
344 598 426 661 rege
453 578 759 644 Armoricanorum
788 580 983 656 Britonum,
1009 598 1154 661 genera-

170 682 174 688 '
202 686 282 758 tus,
315 679 420 755 unde,
454 679 574 743 audita
601 679 852 762 inquietatione
878 699 956 761 quae
981 680 1154 743 avunculo
1167 696 1283 738 amvnor

201 779 436 861 ingerebatur,
453 778 562 863 jussit
577 780 753 861 navigium
776 781 905 862 parari,
931 779 1154 861 collectisque
1166 748 1304 846 ‹iiiiii-b.

202 878 397 960 quindecim
421 878 572 942 millibus
595 887 819 956 armatorum,
845 880 1004 961 proximo
1032 887 1155 942 vento-

203 998 279 1041 rum
294 977 381 1043 flatu
399 978 435 1040 in
453 971 573 1061 ¹portu
587 977 760 1042 Hamonis
776 978 952 1060 applicuit.
1006 977 1155 1060 Excepit

203 1077 300 1140 illum
321 1076 496 1142 Arthurns
519 1097 598 1142 curn
620 1077 748 1159 gaudio
770 1085 806 1141 et
827 1095 897 1158 quo
918 1076 1048 1141 honore
1076 1083 1155 1140 tan-

205 1183 279 1239 tum
294 1177 405 1240 virum
422 1177 574 1258 recipere
593 1175 749 1240 decebat.
801 1176 932 1239 Eodem
948 1195 1039 1239 anno
1056 1176 1156 1257 virgo

206 1275 273 1339 Dei
289 1269 453 1357 ²Brigida
468 1276 633 1358 migravit
648 1274 693 1338 ad
709 1275 910 1339 Dominum.

337 1447 387 1510 De
401 1446 531 1511 uictoria
546 1444 685 1510 Ankon·
700 1446 735 1509 io
750 1454 846 1509 monte
863 1444 1028 1509 Calidonia.

156 1556 160 1564 ¹
257 1569 362 1635 Anno
388 1571 511 1654 gratiae
537 1585 670 1634 nxvru.
690 1561 910 1632 ³Bonifacius
930 1568 1020 1632 sedit
1036 1570 1074 1633 in
1099 1588 1280 1633 ca-unun.

207 1669 330 1734 thedra
353 1669 515 1735 Romana
537 1669 639 1734 annis
661 1668 795 1732 duobus
821 1676 856 1732 et
870 1667 990 1732 diebus
1012 1677 1156 1752 septem.

208 1767 277 1833 Per
298 1770 388 1833 idem
414 1778 551 1852 tempus
566 1767 753 1845 Arthurus,
780 1787 843 1831 rex
868 1767 1064 1846 Britonum,
1087 1769 1158 1833 col-

207 1869 296 1933 lecto
320 1870 475 1933 exercitu
501 1868 637 1950 grandi,
660 1869 779 1932 urbem
807 1866 1060 1945 Kaerlindcoit,
1078 1888 1156 1950 quae
1262 1893 1273 1916 ·

207 1988 299 2033 nunc
313 1968 495 2032 Lincolnia
509 1967 646 2044 dicitur,
669 1967 804 2050 petivit,
820 1967 879 2030 ubi
894 1968 1044 2032 inventis
1067 1967 1156 2032 Sax-

208 2069 330 2132 onibus
356 2068 548 2132 inauditam
574 2087 620 2131 ex
646 2067 696 2131 eis
719 2072 873 2148 stragem
900 2065 1005 2146 secit3
1022 2067 1155 2131 cecide·

207 2175 288 2231 runt
304 2185 450 2250 namque
468 2166 598 2231 exiliis
615 2186 684 2230 una
701 2165 757 2229 die
772 2185 835 2229 sex
844 2165 954 2228 millia
967 2166 1156 2243 hominum,
1233 2222 1236 2227 ,

207 2267 268 2348 qui
284 2268 411 2350 partim
428 2267 627 2330 fluminibus
642 2265 823 2342 submersi,
839 2265 966 2346 partim
981 2265 1060 2329 telis
1077 2285 1157 2348 per-

209 2365 324 2443 forati,
340 2367 467 2450 partim
489 2366 525 2429 in
550 2364 714 2447 fugiendo
732 2364 908 2441 trucidati,
924 2365 1032 2429 vitam
1053 2365 1155 2429 mise·

201 2466 364 2530 ¹rabiliter
385 2465 559 2529 finierunt.
611 2463 787 2529 Arthurus
806 2483 888 2528 vero
910 2462 1082 2546 fugientes
1104 2465 1156 2528 in-

208 2573 348 2629 secutus
363 2585 432 2628 non
446 2563 609 2640 cessavit,
625 2564 734 2628 donec
756 2563 799 2626 ad
824 2583 945 2627 nemus
959 2557 1155 2628 ⁴Colidonis
1168 2580 1270 2621 satiro

208 2670 452 2746 pervenerunt,
470 2664 587 2747 ibique
603 2663 747 2745 exsuge
771 2663 985 2727 confluentes
1000 2662 1155 2728 Arthuro
1167 2631 1253 2722 ffis’n

208 2764 368 2829 resistere
392 2762 510 2828 conati
535 2771 628 2840 sunt,
645 2782 721 2826 sese
745 2763 891 2827 viriliter
913 2763 1154 2844 defendentes;

208 2864 300 2945 quod
318 2862 494 2928 Arthurus
511 2862 660 2939 intuens,
674 2861 782 2945 jussit
797 2863 937 2927 arbores
962 2863 1055 2926 circa
1076 2883 1156 2946 par-

209 2969 280 3026 tem
304 2963 400 3027 illam
429 2962 579 3026 nemoris
600 2960 716 3037 incidi,
739 2968 775 3025 et
797 2969 939 3025 truncos
960 2962 1011 3025 ita
1032 2962 1069 3026 in
1090 2963 1156 3025 cir-

208 3062 304 3127 cuitu
325 3061 446 3139 locari,
471 3070 510 3126 ut
535 3080 696 3143 egressus
718 3061 768 3124 eis
790 3060 928 3143 penitus
951 3068 1156 3141 negaretur3

209 3161 350 3226 volebat
378 3180 528 3244 namque
557 3179 617 3225 eos
646 3159 773 3223 ibidem
799 3168 873 3224 tam
899 3159 958 3223 diu
988 3159 1157 3237 obsidere,

208 3260 317 3325 donec
331 3280 450 3325 omnes
467 3260 582 3324 inedia
595 3259 786 3323 interirent.
837 3255 888 3322 At
902 3258 1073 3335 Saxones,
1087 3279 1157 3341 quo

209 3367 431 3424 vescerentur
464 3379 533 3425 non
563 3359 743 3435 habentes,
778 3377 820 3422 oo
848 3365 953 3441 pacto
981 3359 1157 3440 petierunt

208 3478 385 3540 egressum
417 3466 456 3524 ut
489 3458 614 3523 saitem
643 3458 744 3522 nudis
775 3457 978 3539 corporibus
1011 3456 1158 3521 Germa-

209 3559 302 3623 niam
325 3566 442 3642 petere
472 3559 678 3623 sinerentur.
724 3556 823 3620 Tunc
849 3554 1037 3634 Arthurus,
1063 3576 1157 3640 quae-

244 3777 343 3831 Ῥοπὴ
359 3781 501 3845 flamonia]
517 3780 671 3842 Southamp-
696 3781 741 3830 ber
752 3795 780 3828 or
791 3779 935 3829 November
942 3780 971 3829 os
975 3780 1018 3829 the
1029 3796 1091 3843 year
1101 3785 1158 3832 582.

206 3856 260 3901 ton.
731 3845 1160 3913 ⁴c0tiuonb,]orcacoitcuidon,

243 3916 395 3984 'Brikidaff
406 3919 522 3981 sigebert
533 3917 673 3982 plaeesber
696 3918 738 3967 the
755 3919 858 3968 serenth
875 3919 963 3982 battle,
979 3921 1114 3984 according
1133 3927 1160 3970 to

207 3990 285 4041 death
296 3991 322 4040 in
334 3991 456 4051 518,asit
463 3991 485 4039 is
496 3988 672 4051 alsoreported
698 3988 831 4038 Nennius:
855 3990 984 4051 supposed
1007 3990 1042 4051 by
1063 3990 1161 4040 Ussber

209 4062 236 4110 in
248 4061 293 4109 ber
303 4059 357 4121 iiie,
373 4060 516 4123 Capgrnve,
532 4060 597 4108 Nor.
610 4059 672 4120 Leg.
698 4063 723 4107 to
734 4057 798 4107 have
810 4059 872 4106 been
884 4074 945 4108 near
952 4059 995 4108 the
1006 4061 1057 4120 city
1064 4059 1093 4107 os
1102 4060 1161 4108 Lin-

208 4130 253 4181 fol.
265 4129 346 4179 xlviii.
359 4130 385 4180 b.
698 4128 772 4184 coln;
789 4129 823 4188 by
838 4129 924 4188 Carte,
939 4129 965 4176 in
981 4129 1160 4179 cumberland.

242 4196 426 4262 'Boniswiud
439 4199 481 4249 He
490 4198 550 4248 died
563 4199 589 4247 in
597 4198 674 4248 Octo·
699 4199 747 4247 See
759 4198 886 4260 Nennins,
896 4199 910 4260 t
921 4201 962 4248 66.
